2678 4756
209 292 250 377 at
478 296 764 388 epitoma·
785 296 1007 389 scorta*

241 570 621 635 cnltmnoernNss
640 576 881 639 concrum
899 578 980 639 SUB
999 572 1222 641 CYPRUM
1235 604 1253 630 -·

638 692 822 760 SEXTUM,
974 683 978 689 ⁵

437 853 474 894 sx
494 855 604 896 ereren
625 854 797 900 raovrncrs
816 856 855 897 nr
875 858 1028 909 nnumin,
1105 905 1108 910 ¹

256 1042 260 1049 ,
375 976 483 1040 onon
501 979 554 1034 os
573 979 762 1059 snprrsno
780 981 995 1037 secononm
1014 980 1091 1048 ser,

254 1116 258 1154 Γ
301 1124 464 1175 annom
479 1120 563 1173 coss
582 1129 756 1173 cnursruss
767 1121 902 1174 'strom
916 1115 977 1173 256
996 1126 1168 1175 wiron.
1267 1097 1291 1171 θ’

203 1247 367 1345 &ardico
382 1254 451 1320 lraec
469 1255 600 1342 epistola
620 1257 663 1320 nd
681 1255 874 1342 Stephanum
891 1253 983 1319 Urbis
998 1255 1109 1320 Romoe
1121 1252 1260 1343 Episco-

203 1379 340 1457 ·pnm,
358 1362 444 1451 opud
459 1366 653 1453 Cypriacam
670 1377 717 1432 est
738 1387 863 1432 sxxn
885 1364 978 1430 etad
995 1379 1073 1454 pag.
1090 1376 1159 1431 tte.
1179 1363 1261 1429 edit.

202 1470 581 1541 “Iinredictinceeatat
678 1561 681 1567 ,
1287 1499 1292 1506 ·

202 1694 204 1699 ,
206 1608 439 1699 δ”γρτίαιιιιε
450 1623 488 1677 ,et
502 1610 612 1677 caeteri
628 1586 795 1700 Stephano
809 1612 899 1678 fratri
913 1611 1062 1678 salutem.
1093 1582 1150 1676 Ad
1164 1621 1261 1696 quae‘·

200 1698 287 1819 :dam
314 1718 514 1805 disponenda
536 1724 570 1787 'et
594 1721 720 1789 consilii
742 1720 926 1812 communis
953 1718 1191 1786 examinatione
1218 1716 1309 1784 li-to

201 1824 331 1897 'manda
354 1851 484 1894 necesse
508 1827 693 1912 habuimus,
715 1831 813 1897 frater
838 1829 1013 1909 carissime,
1037 1809 1261 1920 convenienti·

204 1930 272 2003 bus
296 1937 329 2003 in
356 1961 459 2004 unum
481 1939 628 2026 Pluribus
654 1940 874 2006 sacerdotibus
896 1961 1015 2026 cogere
1039 1953 1073 2004 et
1095 1932 1261 2004 celebrare

202 2045 406 2126 'concilium
429 2047 543 2134 inquo
558 2030 661 2113 muita
675 2047 807 2136 quidem
831 2040 957 2135 prolata
977 2063 1074 2136 atque
1095 2060 1261 2114 transacta

205 2144 297 2218 eunt.
342 2153 406 2219 Sed
421 2155 462 2227 de
476 2178 516 2221 eo
531 2157 580 2221 vel
598 2157 739 2223 maxime
758 2156 819 2221 tibi
839 2157 1044 2221 scribendum
1059 2168 1185 2221 etcum
1200 2170 1260 2221 tua

201 2261 367 2349 'gravitate
382 2284 419 2327 ac
435 2264 592 2350 sapientia
607 2265 840 2331 conferendum
855 2265 918 2330 fuit
933 2265 1021 2353 quod
1037 2265 1143 2352 magis
1157 2249 1260 2352 pertiss
1270 2278 1304 2328 15

209 2354 286 2436 'riest
301 2372 333 2436 e't
347 2371 388 2437 ad
403 2373 633 2438 sacerdotalem
648 2377 873 2450 auctoritatem
885 2374 970 2441 etad
982 2375 1126 2440 ecclesiae
1142 2356 1259 2440 catho-

201 2472 282 2562 'iio'ae'
294 2481 453 2546 unitatem
467 2482 585 2569 pariter
600 2504 637 2547 ac
651 2483 682 2547 di
685 2482 842 2569 gnitatem
855 2482 896 2548 de
909 2482 1024 2547 divinae
1035 2478 1261 2568 dispositionis

211 2592 414 2658 ordinatione
434 2593 626 2674 venientem,
643 2604 699 2658 'eos
720 2593 777 2680 qui
797 2593 861 2657 sint
879 2591 956 2656 foris
976 2605 1066 2656 extra
1085 2590 1259 2655 ecclesiam

210 2701 304 2766 tincti
325 2696 359 2766 et
378 2703 465 2789 apud
485 2704 655 2768 haereticos
676 2716 710 2781 et
730 2699 952 2766 schismaticos
969 2699 1147 2786 prophanae
1161 2704 1259 2786 aq'ute

208 2808 284 2876 labe
308 2811 473 2892 maculati,
496 2813 625 2899 quando
649 2812 691 2877 ad
715 2834 772 2876 nos
794 2824 891 2898 atque
913 2805 954 2874 ad
977 2809 1159 2887 ecclesiam,
1183 2816 1305 2896 quiem

210 2939 277 2984 una
296 2931 356 2998 est,
372 2920 524 2999 venerint,
544 2920 702 3007 baptizari
723 2932 884 3006 oportere,
905 2941 945 2983 eo
969 2916 1058 3005 quod
1079 2929 1196 3003 parum
1217 2917 1260 2981 sit

209 3026 257 3093 cis
277 3050 409 3093 manum
432 3029 598 3116 imponere
619 3030 661 3093 ad
682 3028 905 3115 accipiendum
927 3028 1076 3114 spiritum
1095 3038 1259 3118 sanctum,

203 3136 273 3202 'nisi
284 3137 444 3224 accipiant
459 3150 492 3202 et
507 3137 651 3202 ecclesiae
667 3138 877 3224 baptismum.
912 3137 1005 3202 Tunc
1020 3136 1107 3200 enirn
1123 3135 1260 3200 demum
1275 3126 1283 3157 ³

211 3247 306 3335 pierre
328 3249 517 3314 sanctificari
539 3263 572 3313 et
593 3270 664 3314 esse
684 3246 740 3312 filii
762 3247 827 3312 Dei
848 3257 996 3332 possunt,
1012 3245 1039 3311 si
1056 3248 1260 3309 sacramento

210 3368 351 3444 utroque
367 3370 549 3438 nascantur,
565 3372 641 3422 cum
659 3359 814 3445 scriptum
830 3355 894 3421 sit:
918 3354 1016 3419 romi
1037 3348 1108 3441 qais
1129 3340 1303 3447 remeante

200 3465 310 3555 fuerit
326 3490 365 3531 en
379 3489 463 3554 aquo
475 3478 505 3531 et
519 3456 644 3552 spiritu,
657 3490 718 3531 non
730 3474 834 3551 potest
849 3463 979 3529 introire
993 3463 1026 3527 in
1036 3475 1172 3550 regnunt
1182 3462 1259 3529 De‘t'.

212 3575 396 3640 Invenimus
417 3577 504 3640 enim
526 3577 623 3640 etiam
645 3575 792 3640 intactis
811 3572 1032 3661 apostolorum
1050 3572 1113 3636 hoc
1129 3592 1203 3636 esse
1216 3571 1261 3638 ab

212 3685 369 3772 apostolis
392 3684 591 3749 custoditum
614 3697 648 3749 et
668 3684 814 3750 salutaris
832 3683 906 3748 fidei
928 3683 1060 3749 veritate
1082 3693 1260 3761 servatum,

210 3805 250 3858 ut
272 3815 346 3858 cum
369 3793 402 3857 in
425 3794 524 3859 domo
548 3795 689 3859 Cornelii
710 3793 905 3859 centurionis
921 3814 1016 3879 super
1029 3789 1177 3856 ethnicos
1200 3789 1260 3877 qui

211 3902 279 3972 illic
303 3904 435 3968 aderant
460 3903 665 3970 fidei-calore
687 3906 843 3970 ferventes
865 3902 954 3969 etin
978 3902 1160 3967 Dominum
1184 3909 1308 3981 totoao'

212 4013 312 4080 corde
332 4015 497 4080 credentes
519 4013 735 4079 descendisset
756 4012 886 4101 spiritus
908 4024 1051 4092 sanctus,
1066 4033 1132 4100 quo
1147 4010 1259 4076 adim·

438 4235 583 4286 statarii.
596 4246 619 4284 s.
739 4306 743 4321 ι
856 4236 938 4284 ‘Act
951 4249 975 4285 x.
986 4242 1027 4285 40.
