2678 4756
207 276 211 281 '
237 280 295 347 rat
501 271 504 277 '
571 274 936 342 ANNOTATIONES

235 446 412 511 titudinem.
434 447 646 511 Batonius.
690 445 826 535 Vulgata
848 447 912 511 hoc
934 447 1009 511 loco
1032 445 1143 526 babet,
1166 470 1275 514 conuo-

234 543 338 596 cantes
354 542 458 596 nutem
473 531 629 595 duodecim
643 532 878 596 multitudinem
894 531 1126 616 discipulorum.

279 619 312 681 P.
327 631 375 681 80.
391 618 413 681 l.
426 631 476 682 28.
499 627 528 680 el
549 640 608 681 nott
623 633 680 702 per
697 619 761 700 me]
777 620 836 682 Kal
852 623 882 680 οὐ
901 620 932 680 δι’
952 621 1006 699 tp&
1023 616 1120 705 ipfae.
1142 619 1202 684 OS.
1215 618 1276 683 viii.

234 704 452 767 R1t3anr1us
480 725 500 765 a
523 703 613 766 Fello
636 703 763 767 allatus.
809 706 892 768 Maur
913 705 945 767 in
968 705 1084 782 verbis,
1111 715 1142 767 et
1158 704 1277 768 'unius-

235 789 381 874 cujusque
401 798 505 851 netum
530 787 567 851 de
591 789 657 872 ajam
680 790 907 854 conuersatione
923 789 1096 874 perspexit,
1116 789 1275 876 praeposi·

234 874 321 937 none
337 874 374 937 de
387 896 426 937 ea
441 874 647 958 significatur.

279 960 313 1022 P.
327 973 375 1022 st.
389 959 413 1023 l.
427 972 455 1022 8.
479 959 657 1022 rescindere
673 960 921 1045 ordinationem]
942 960 1015 1023 Hac
1034 958 1067 1022 in
1086 971 1122 1024 te
1137 960 1276 1046 Stepha-

234 1067 294 1108 nus
309 1045 370 1108 fuit
387 1045 490 1107 minus
512 1044 712 1109 excusandus
730 1045 818 1131 quod
841 1060 954 1109 contra
975 1065 1115 1110 canones
1138 1066 1275 1130 propnae

233 1130 377 1194 ecclesiae
394 1144 539 1215 tempore
556 1130 700 1193 Cornelii
715 1131 873 1195 stabilitos
890 1130 1081 1216 deliquerit3
1100 1132 1158 1195 ubi
1173 1132 1276 1195 sanci-

233 1231 316 1292 tum,
332 1215 432 1300 lapsos
452 1216 494 1279 od
508 1215 728 1300 poenitentiam
742 1216 898 1302 agendam
912 1230 1001 1300 posse
1015 1215 1155 1294 admitti,
1171 1215 1213 1279 ol
1228 1236 1276 1279 or·

233 1301 390 1365 dinatione
412 1312 516 1364 orttern
542 1301 617 1364 cleri
641 1313 735 1388 atque
761 1300 947 1366 sacerdotali
972 1301 1082 1364 boteone
1106 1300 1274 1386 prohiberi.

232 1387 333 1535 guod
349 1388 444 1450 etiam
462 1386 500 1449 ol
516 1385 655 1450 omnibus
669 1387 816 1471 episcopis
838 1387 871 1451 in
893 1397 955 1451 toto
972 1387 1083 1450 mundo
1098 1386 1276 1451 constitutis

255 1487 410 1535 ecretum.
435 1474 595 1536 Fatuus.

278 1557 361 1620 Ibid.
376 1557 398 1620 l.
413 1571 459 1618 10.
484 1559 619 1619 Romam
635 1557 788 1643 pergens]
801 1560 879 1646 Quo
893 1557 1041 1622 solebant
1055 1568 1276 1635 contumaces,

233 1656 270 1707 ut
291 1643 404 1728 procul
423 1643 464 1705 ab
489 1643 554 1706 suis
579 1643 696 1727 quibus
711 1658 802 1706 erant
815 1643 883 1707 noti
911 1643 1035 1707 facilius
1050 1643 1210 1720 fallerent,
1224 1642 1275 1706 fu·

233 1750 308 1792 cum
322 1742 355 1790 et
370 1729 580 1812 imposturam
598 1729 748 1792 iacerent.
773 1690 990 1792 thaffrrus
1007 1750 1026 1791 a
1043 1728 1133 1791 fello
1149 1728 1275 1792 allatus.

279 1813 398 1876 Ibid.l.
417 1828 461 1875 12.
484 1835 521 1876 ac
536 1814 689 1898 veritatis]
710 1816 745 1876 ln
766 1813 997 1898 posterioribus
1017 1812 1215 1877 editionibus
1230 1811 1275 1876 le-

232 1900 333 1986 gitur,
350 1921 386 1961 oc
407 1897 514 1962 tacitae
534 1898 686 1962 veritatis.
733 1898 890 1962 Pamelius
906 1898 1024 1982 adjecit
1039 1919 1152 1962 vocem
1169 1897 1277 1962 tocitoe

232 2008 271 2049 ex
285 1986 381 2049 unico
396 1984 507 2047 codice
521 1984 718 2069 Anglicano,
734 1985 836 2047 fassus
852 2005 921 2046 eam
939 1983 1110 2048 desiderari
1129 1984 1163 2048 in
1178 1990 1276 2048 caete·

231 2071 286 2135 ris.
322 2072 405 2134 Sane
417 2092 481 2155 ego
496 2069 582 2133 illam
600 2070 744 2157 nuspiam
763 2069 864 2154 reperi
880 2069 910 2131 in
925 2069 1015 2132 libris
1030 2069 1148 2135 nostris
1162 2068 1276 2134 veteri·

231 2156 303 2220 bus.
326 2157 499 2219 Testantur
510 2169 619 2218 autem
628 2155 730 2240 Angli
740 2176 810 2218 eam
825 2177 888 2216 non
901 2155 1011 2218 haberi
1023 2155 1056 2218 in
1066 2153 1181 2219 codice
1190 2153 1276 2218 Bod-

231 2241 346 2306 leian0.
384 2241 481 2304 Certe
496 2240 671 2303 admodum
692 2240 812 2304 inutilis
828 2252 923 2303 estet
939 2241 1108 2324 superflua.
1132 2241 1275 2304 Baetra.

277 2327 361 2389 Ibid.
385 2325 561 2389 exambiret
582 2325 708 2410 reponi]
732 2327 780 2389 Ut
804 2324 845 2388 ad
870 2325 1130 2388 communionem
1155 2326 1275 2389 Roma-

233 2434 284 2475 nae
306 2411 450 2474 ecclesiae
477 2409 645 2488 admissus,
670 2411 711 2474 ad
734 2433 810 2474 suos
833 2410 954 2487 redux3
978 2432 1012 2473 se
1037 2409 1102 2473 illic
1148 2431 1185 2473 ro
1207 2408 1277 2497 epi·

233 2518 333 2582 scopo
360 2497 507 2580 agnitum
527 2497 677 2581 jactaret,
704 2495 875 2582 nullosque
899 2494 969 2581 jam
997 2495 1064 2558 sine
1092 2431 1276 2559 sebismatis

233 2598 309 2646 nota
332 2603 426 2666 posse
446 2581 515 2667 ejus
537 2583 800 2646 communionem
823 2581 981 2664 refugere,
997 2579 1155 2666 siquidem
1171 2582 1275 2645 unitae

232 2668 376 2732 ecclesiae
399 2667 431 2729 id
453 2667 618 2751 poscebat,
641 2680 677 2730 ut
699 2666 835 2752 alicujus
857 2665 1002 2728 ecclesiae
1025 2667 1211 2729 membrum
1233 2667 1273 2730 ab

232 2754 384 2816 omnibus
413 2768 651 2837 agnosceretur.
685 2755 845 2815 Faetus.
889 2750 1038 2814 Basilidis
1064 2752 1188 2815 factum
1215 2751 1273 2814 ob·

232 2839 422 2924 reptionem,
437 2860 500 2900 non
515 2837 774 2923 appellationem,
788 2851 881 2899 vocat
894 2835 1088 2921 Cyprianus,
1101 2835 1191 2922 quod
1203 2856 1273 2900 mo·

232 2939 288 2987 net
304 2923 469 2986 Richerius
485 2923 517 2986 in
532 2923 619 2986 Hist.
635 2921 751 2986 Concil.
768 2920 978 2999 Generalinm,
990 2922 1046 2984 lib.
1061 2923 1087 2984 Ι.
1103 2943 1132 2984 c.
1145 2923 1186 2985 vi.
1204 2923 1233 3005 ξ.
1244 2936 1274 2999 9.

232 3010 275 3072 Et
302 3009 455 3095 quiequid
485 3008 559 3071 inde
584 3008 803 3093 colligendum
831 3008 882 3084 sit,
909 3007 995 3092 quod
1022 3006 1063 3068 ad
1090 3008 1273 3070 Romanum

232 3095 419 3181 episcopum
444 3116 477 3157 se
500 3094 671 3179 recepisset
694 3092 860 3168 Basilides,
882 3091 1146 3155 communionem
1170 3092 1275 3156 eccle·

231 3182 391 3244 siasticam
408 3203 426 3243 a
440 3179 572 3265 majoris
585 3179 668 3242 sedis
682 3179 843 3275 episcopo·
849 3176 982 3262 adipisci
995 3199 1135 3262 sperans,
1147 3188 1275 3241 constat

115 3341 119 3351 Ι
231 3268 273 3330 ab
290 3267 443 3351 Hispanis
458 3280 605 3351 rogatam
622 3286 691 3328 esse
705 3275 780 3348 post
794 3284 982 3348 episcopum
998 3262 1088 3327 illum
1102 3284 1122 3325 a
1134 3260 1274 3327 Basilide

231 3353 483 3416 circumventum
505 3351 675 3414 ecclesiam
694 3349 893 3426 Africanam,
918 3360 955 3410 ut
974 3347 1015 3411 ab
1036 3347 1091 3411 illa
1112 3347 1153 3411 ad
1173 3370 1210 3411 se
1225 3368 1273 3413 re·

231 3437 423 3501 scriberetur
451 3437 492 3499 de
518 3435 719 3520 depositione
743 3434 881 3499 duorum
908 3433 1146 3518 episcoporum,
1175 3446 1272 3520 atque

232 3522 433 3586 ordinatione
453 3535 486 3584 et
505 3520 733 3584 substitutione
755 3518 886 3596 Sabini3
910 3533 979 3582 tum
996 3539 1070 3582 vero
1084 3518 1273 3583 Africanam

232 3607 412 3682 ecclesiam,
440 3606 518 3668 actis
549 3605 665 3669 horum
699 3605 920 3690 Hispanorum
944 3603 1178 3689 comprobatis,
1205 3624 1272 3682 eoa,

232 3714 272 3756 ne
291 3714 364 3754 cum
384 3691 521 3754 Basilide
540 3704 596 3754 aut
620 3690 721 3754 altero
741 3713 795 3753 reo
810 3688 973 3767 Martiale,
988 3689 1101 3773 spretis
1116 3710 1197 3753 evan
1219 3686 1275 3753 'lii

231 3790 328 3863 atque
348 3777 490 3840 ecclesiae
513 3777 653 3861 legibus,
674 3776 960 3851 communicarent,
975 3795 1174 3860 magnopere
1221 3782 1273 3839 br·

232 3875 331 3926 tatam
343 3861 451 3925 fuisse.
480 3862 533 3925 Sic
548 3883 616 3924 rem
629 3860 783 3925 contraxi.
816 3859 913 3923 Conf.
927 3859 1050 3944 Dupin.
1064 3861 1115 3923 De
1127 3859 1272 3958 Antiqua

231 3946 680 4031 Eccles.DisciplinoDissert.
695 3949 740 4009 Il.
756 3967 827 4030 cap.
840 3945 873 4008 ii.
891 3945 921 4024 ξ.
938 3960 964 4007 1.
981 3965 1012 4028 p.
1028 3944 1272 4010 152.etCelber.

230 4033 373 4099 Histoire
390 4032 541 4096 Generole
553 4034 612 4095 &e
628 4046 707 4095 tom.
722 4032 767 4095 iii.
784 4033 857 4094 Art.
871 4030 961 4093 Saint
976 4029 1131 4116 Cyprien.
1144 4051 1178 4116 p.
1192 4044 1258 4102 125.

150 4110 154 4118 ’
274 4119 357 4183 Ibid.
373 4121 457 4183 l.13.
476 4119 551 4204 jure
565 4117 744 4204 depositus]
763 4117 872 4180 Antea
886 4115 1055 4200 legebatur
1059 4115 1159 4199 juste.
1189 4117 1271 4202 Quae

230 4227 307 4269 rane
321 4205 418 4273 le‘ctio
432 4205 556 4292 optima
568 4215 629 4268 est.
667 4205 791 4269 Verum
814 4222 888 4267 cum
903 4202 981 4286 jure
1001 4201 1158 4289 scriptum
1180 4201 1222 4267 sit
1236 4199 1272 4265 iu
