2678 4756
234 299 283 367 ss
499 300 792 394 aurnuns·
819 301 1012 372 suone.

240 470 452 539 remissiones»
474 483 667 559 peccatoram
688 488 747 561 per
772 478 913 541 unctam
934 473 1110 554 e'cclesiuni,¹
1126 466 1286 561 intellig?-

234 602 316 650 ruus
339 584 562 651 remissionem
583 599 791 672 peccatorum
818 610 884 654 non
907 586 968 655 nisi
990 589 1030 654 in·
1045 587 1182 655 eccleiric
1201 584 1286 666 dart,

242 694 329 783 apud
352 694 523 761 heretico&
547 707 667 775 autem,
689 695 747 761 ubi
772 697 907 761 ecclesia
930 718 995 761 non
1021 696 1073 777 sit,
1095 699 1161 761 dou
1187 702 1286 782 pesce

235 802 376 890 'pacata
396 805 528 871 dimitti.
581 805 697 892 Itaque
723 806 779 891 qui
802 804 971 871 haereticos
997 805 1162 892 baptism
1188 804 1285 890 ῃὸκώ

240 922 398 994 decerunt,
413 929 470 980 aut
488 914 776 1001 interrogationem
797 926 935 994 mutent,
950 928 1008 979 aut
1027 912 1191 978 vindicent
1203 912 1311 990 veri-:3

240 1024 357 1104 tatem,
370 1024 432 1089 uisi
450 1025 477 1089 si
496 1024 543 1089 eie
555 1036 590 1089 et
607 1024 775 1088 ecclesiam
794 1024 940 1090 tribuunt
954 1047 1036 1112 quoe
1050 1022 1212 1112 ffiptinna
1227 1022 1286 1087 ha·

241 1134 321 1203 bere
333 1135 545 1202 contendunt.
579 1134 673 1222 Ungi
687 1156 817 1223 qunque
832 1156 960 1203 necesse
976 1150 1026 1200 eet
1039 1132 1114 1199 edm
1127 1133 1188 1221 qui
1202 1133 1284 1220 bup-

235 1246 361 1313 tinctus
385 1246 439 1325 sit,
462 1258 501 1309 ut
525 1257 661 1331 accepto
685 1244 870 1324 chrismate,
892 1242 1005 1321 idcir,
1027 1240 1285 1321 unctimteseer'e

243 1352 364 1421 intutusz
376 1355 441 1420 Dei
455 1366 489 1419 et
501 1353 621 1418 habere
634 1352 667 1418 in
680 1375 715 1417 se
728 1354 867 1440 gratiam
883 1353 1007 1420 Christi
1025 1351 1140 1439 possit.
1177 1350 1285 1417 -Po'rro

231 1460 352 1529 u'tutern
372 1458 566 1529 eucharistia
584 1475 634 1528 est
653 1462 740 1528 unde
759 1464 914 1550 baptizati
933 1476 1102 1549 unguntur
1120 1461 1234 1527 oleum
1253 1461 1324 1533 insu

234 1573 335 1638 ulturi
357 1572 602 1638 sanctificatum.
648 1573 853 1637 sanctificare
872 1586 981 1637 autem
1005 1593 1069 1635 non
1083 1571 1203 1658 ¹putuit
1223 1569 1285 1635 clei

234 1696 422 1748 creaturam
438 1684 494 1769 qui
508 1704 566 1746 nec
581 1681 681 1746 altare
693 1682 808 1748 habuit
822 1704 881 1747 nec
896 1682 1075 1777 ecclesiam.
1113 1680 1215 1747 Unde
1229 1680 1286 1746 n'e'c

232 1792 355 1858 -m'rctiu
375 1790 526 1878 spiritaiis
546 1790 631 1877 apud
654 1791 822 1857 haereticos
840 1805 1045 1878 potestesse,
1059 1789 1194 1878 quando
1207 1790 1284 1855 ccu-

241 1913 307 1967 ttet
322 1900 433 1966 oleum
448 1900 639 1966 sanctificari
652 1915 686 1966 et
698 1901 927 1967 eucharistiam
942 1899 1009 1967 fieri
1022 1899 1110 1986 apud
1123 1899 1201 1964 iuss
1214 1920 1282 1964 om·

240 2011 319 2076 diuo
335 2031 399 2076 non
413 2032 518 2099 posse.
541 2008 631 2076 Scire
646 2015 755 2077 tutem
770 2025 803 2078 et
817 2013 1005 2077 meminisse
1015 2011 1172 2076 debemus
1188 2011 1320 2098 scrip-u

238 2132 313 2189 tum
328 2140 397 2186 esse
411 2147 419 2187 z
442 2121 450 2169 ¹
462 2119 573 2187 Oleum
583 2120 756 2205 peccatoris
767 2140 828 2185 noa
841 2130 942 2209 angat
955 2116 1049 2206 σαρκί
1060 2139 1175 2184 mm,
1198 2117 1283 2208 qnod

231 2232 363 2297 anteiri
378 2232 509 2318 psalmis
526 2233 721 2318 praemouuit
740 2232 872 2318 spiritus
890 2244 1033 2310 sanctus,
1046 2232 1088 2295 ue
1101 2230 1176 2319 quie
1191 2232 1281 2297 exet*

239 2341 347 2407 bitans
360 2354 395 2406 et
408 2363 429 2405 a
443 2341 493 2406 via
506 2341 645 2406 veritatis
659 2363 806 2406 exerrans
821 2343 909 2429 apud
928 2342 1099 2408 hereticos
1113 2354 1147 2407 et
1163 2338 1282 2407 chtisti

238 2448 437 2517 adversarios
450 2466 637 2539 ungeretur.
681 2452 746 2517 Sed
769 2467 802 2518 et
824 2448 884 2539 pro
905 2454 1071 2542 baptizato
1090 2472 1192 2540 qrtam
1211 2456 1282 2539 'pru-¹

240 2563 314 2625 cern¹
337 2561 444 2627 facere
465 2574 574 2648 potest
595 2561 742 2625 sacerdos
764 2562 939 2650 sacrilegus
965 2574 999 2627 et
1024 2560 1191 2650 peccator,
1211 2576 1320 2629 cumtt

239 2672 398 2758 scriptum
415 2673 478 2739 sit:
500 2674 626 2738 muns
645 2678 838 2758 peccatorem
852 2697 913 2738 non
931 2673 1021 2738 audit
1031 2700 1045 2753 ,·
1065 2672 1121 2737 red
1140 2671 1198 2761 qai
1217 2690 1282 2737 ent

232 2781 633 2862 alamannicarum
653 2786 719 2870 ejus
731 2782 863 2870 fecerit,
879 2785 970 2850 iilum
986 2784 1088 2850 cudit.
1130 2780 1217 2872 Quis
1230 2800 1283 2848 eu·

241 2905 309 2956 tem
321 2905 431 2978 potest
440 2892 516 2956 dare
528 2891 617 2979 quod
633 2891 702 2978 ipse
713 2913 779 2957 nou
791 2891 920 2972 habeat,
931 2905 988 2958 aut
999 2891 1170 2979 quomodo
1179 2900 1285 2978 potest

241 2999 396 3087 spiritalia
418 3022 515 3087 agere
539 3001 595 3086 qui
617 3001 685 3086 ipse
706 3001 850 3066 amiserit
871 3002 1020 3087 spiritum
1042 3001 1217 3065 eandum?
1244 3000 1285 3063 Et

243 3110 364 3177 idcirco
386 3110 602 3197 baptizandus
624 3123 674 3174 est
697 3124 732 3173 et
755 3109 951 3174 innovandus
973 3109 1029 3196 qui
1052 3107 1096 3173 ad
1115 3106 1318 3177 ecclesicmtt

235 3224 332 3290 rudis
348 3224 447 3305 venit,
462 3236 500 3289 ut
517 3224 604 3287 intus
626 3243 683 3309 per
704 3236 833 3287 sanctos
847 3223 1075 3301 sanctificetur,
1096 3220 1176 3308 quie
1188 3214 1284 3307 κατίῃ·

239 3343 315 3398 tum
336 3344 409 3399 est:
436 3329 575 3398 nsancti
600 3342 706 3409 estote,
731 3331 807 3418 quin
831 3342 863 3395 ct
885 3353 939 3419 ego
961 3330 1087 3395 sanctur
1108 3342 1192 3411 tum,
1212 3328 1286 3397 dicit

244 3438 399 3510 Dominus
412 3471 422 3510 .·
444 3458 483 3511 ut
504 3445 560 3533 qui
581 3444 615 3508 in
637 3413 779 3508 errdreiu
793 3438 946 3509 seductus
962 3455 1012 3508 est
1026 3455 1060 3508 et
1074 3442 1153 3508 toris
1167 3442 1284 3508 tinctus

244 3555 279 3618 i'n
293 3554 456 3641 baptismo
467 3573 542 3619 vero
556 3566 590 3618 et
602 3552 821 3618 ecclesiastico
836 3553 933 3618 etiam
947 3553 1012 3617 hoc
1025 3553 1133 3638 ipsum
1147 3551 1286 3638 deponet

235 3663 335 3752 'quod
349 3665 449 3729 homo
464 3664 505 3728 ad
520 3664 631 3727 Deum
645 3658 784 3742 veniens,
800 3662 877 3728 dum
897 3654 1098 3727 sacerdotem
1112 3660 1243 3748 quaerit,
1256 3659 1324 3749 iuer

243 3773 438 3861 sacrilegum
453 3772 567 3838 fraude
580 3770 695 3836 erroris
709 3770 855 3836 incurrit.
899 3768 1068 3836 Caeterum
1086 3766 1229 3855 probare
1239 3776 1308 3835 αι’

244 3881 471 3948 haereticorum
486 3895 519 3947 et
535 3880 814 3946 schismaticorum
834 3881 996 3967 baptisma
1012 3878 1198 3944 consentire
1211 3875 1246 3944 in
1256 3876 1290 3944 i'd

239 3992 336 4082 ‚quod
350 3990 652 4080 illibaptizaverint.
697 3991 816 4077 Neque
828 3990 914 4056 enim
926 3999 1037 4077 potest
1048 4006 1124 4076 pen
1137 3987 1213 4055 illic
1223 3982 1289 4056 init·-

278 4234 287 4276 ι
303 4238 365 4292 1³21,
376 4238 459 4290 «Μ
587 4239 608 4271 ιι
622 4235 695 4285 toan.
704 4244 785 4285 isar·
915 4233 1265 4293 statuissem&

1036 4470 1179 4547 ,α’
