2678 4756
232 288 293 358 154
572 268 935 336 annonanonss

230 437 430 526 paenitentiae
444 433 543 504 locum
559 450 667 504 contra
681 440 838 504 adulteros
847 439 1033 504 admiserunt.
1055 440 1129 506 Non
1141 451 1281 508 tamena

233 526 474 610 coepiscoporum
490 547 614 588 suonam
628 524 756 613 collegio
770 536 967 603 recesserunt,
982 536 1037 590 aut
1049 527 1219 592 catholicae
1229 552 1278 593 ec·

233 610 338 675 clesiae
360 610 513 674 unitatem
537 609 588 675 ael
608 610 737 675 duritiae
756 609 807 674 ael
830 633 968 675 censurae
984 634 1053 676 sace
1069 611 1278 680 obstinat-ione

231 707 382 780 ruperant
390 722 403 774 ,·
418 707 453 759 ut
468 695 544 782 qnia
557 696 641 781 apud
656 695 732 759 alias
743 695 895 762 adulteris
907 711 975 781 pan
987 696 1134 776 dabatur,
1149 698 1206 785 qui
1217 722 1278 764 nou

234 779 329 846 dabtd
346 781 385 845 de
404 779 531 845 ecclesia
545 791 751 865 separaretur.
794 780 948 846 Mamnte
967 781 1140 847 concordia
1155 782 1275 848 uincula

231 877 262 930 et
276 877 489 950 perseverante
503 865 665 930 catholicae
680 865 817 929 ecclesiae
828 866 986 930 individuo
999 878 1206 947 sacramento,
1221 891 1276 933 aa·¹

234 962 302 1015 turn
323 973 412 1015 neum
434 951 568 1036 disponit
591 962 620 1016 et
639 951 750 1038 dirigit
771 952 981 1038 tenusquisqne
1002 952 1161 1037 episeopus
1177 954 1276 1018 ratioa

229 1059 301 1102 nem
312 1036 462 1121 propositi
475 1036 524 1100 sui
539 1036 673 1101 Domina
689 1036 877 1100 redditiones.
900 1037 1021 1102 Confer
1036 1058 1111 1102 vero
1123 1040 1273 1125 egregiae

230 1122 337 1188 literas
368 1122 452 1187 Petri
479 1123 636 1206 Gunning
662 1121 806 1208 episcopi
835 1121 971 1186 Eliensis
997 1121 1038 1185 ad
1067 1122 1274 1191 Sheldonunr

230 1206 506 1294 archiepiscopum
521 1207 782 1272 Cantuariensem
795 1207 837 1271 de
847 1208 915 1270 istis
925 1206 958 1270 in
970 1206 1032 1272 hoc
1041 1206 1195 1272 Concilio
1205 1209 1270 1297 Cy-

228 1293 331 1380 priani
346 1293 459 1368 verbis,
474 1292 607 1379 aliisque
623 1292 702 1356 locis
714 1292 882 1370 similibus,
896 1312 978 1378 quos
992 1292 1033 1356 ad
1048 1293 1166 1358 soloce
1190 1294 1271 1360 ieco-

229 1398 289 1465 pos
304 1378 415 1442 alienae
432 1377 562 1441 ditionis
572 1378 730 1464 pertinere
742 1378 787 1440 vir
802 1377 1007 1442 doctissimus
1021 1379 1147 1442 statuit.
1222 1381 1270 1445 ite

229 1475 306 1529 sunt
320 1464 353 1527 in
367 1462 561 1527 Bibliotheca
572 1462 744 1540 Literaria,
761 1485 850 1526 rrum.
864 1463 906 1526 xi.
923 1484 996 1549 quae
1009 1462 1051 1526 cl
1065 1463 1141 1528 viris
1154 1465 1272 1531 Jebbio

228 1560 264 1613 et
276 1548 406 1612 Wassio
419 1548 578 1632 adscripta
589 1562 648 1611 est.
685 1550 728 1613 Et
742 1549 931 1612 conveniens
947 1546 1022 1611 huic
1036 1562 1088 1612 est
1101 1550 1268 1616 verborum

230 1632 386 1720 Cypriani
401 1632 631 1718 interpretati0,
656 1632 749 1719 cujus
771 1645 955 1697 auctorest
977 1633 1270 1730 &Augustinus-

228 1719 337 1804 atique
352 1717 385 1781 in
400 1718 448 1781 bis
463 1716 695 1803 qrraestionibu-s,
716 1739 790 1804 qaae
806 1717 940 1782 ricardum
955 1716 1186 1803 eliquatissima
1199 1735 1271 1806 per··

228 1803 381 1888 spectione
398 1803 544 1867 discassae
564 1813 647 1867 smrt.
669 1802 726 1866 lib.
741 1803 784 1866 iii.
802 1805 852 1866 De
867 1804 964 1886 Bapt.
979 1823 1050 1886 cap.
1062 1818 1092 1867 ³.
1109 1803 1218 1886 donec,
1236 1821 1268 1871 ut

227 1888 305 1955 alibi
321 1889 525 1973 Augustinus
541 1887 676 1966 dixerat,
690 1886 830 1970 plenario
847 1888 943 1952 totius
953 1885 1181 1968 ortamentis,
1192 1891 1269 1979 qnod

228 1972 429 2039 sabtberrime
441 1973 630 2038 sentiebatur
649 1973 743 2036 etiam
758 1973 883 2037 remotis
898 1970 1142 2039 dubitationibus
1149 1975 1267 2062 firma·

226 2071 323 2127 retur.
597 2120 602 2129 .

271 2149 307 2211 Ρ.
320 2161 370 2225 92.
385 2145 408 2211 l.
422 2153 452 2211 6.
476 2145 627 2210 Caecilius
642 2168 660 2211 a
676 2146 775 2230 Bilta]
793 2147 893 2209 Hunc
909 2145 1047 2210 eundem
1070 2166 1155 2224 esse,
1174 2159 1267 2234 atque

228 2230 396 2297 Caecilium
413 2232 518 2310 illum,
532 2231 573 2295 ad
586 2254 683 2316 quem
694 2232 796 2295 mittit
807 2233 993 2296 Tractatum
1009 2253 1104 2296 suum
1115 2232 1268 2296 DeCoena

226 2316 358 2383 Domini
374 2316 568 2403 Cyprianus,
586 2317 716 2404 judicat
743 2315 884 2381 Ceillier.
906 2317 938 2380 in
960 2316 1101 2381 Histoire
1116 2317 1270 2383 aneon

226 2405 279 2469 des
293 2405 433 2466 Auteurs
447 2402 558 2466 Saeres
569 2412 599 2464 et
611 2400 732 2465 Eccles.
749 2402 811 2464 vol.
821 2401 866 2464 iii.
881 2423 910 2464 c.
921 2402 1006 2465 xxxi.
1023 2404 1054 2485 ξ.
1064 2414 1096 2477 7.
1112 2423 1146 2489 p.
1158 2415 1229 2479 570.

271 2487 354 2552 Ibid.
373 2487 396 2550 l.
412 2501 458 2550 tt.
480 2486 654 2570 exorcizat]
674 2488 711 2549 In
727 2485 825 2550 codd.
840 2485 1021 2550 Veronensi
1036 2499 1069 2550 et
1084 2489 1164 2550 Fax.
1181 2510 1268 2552 exor-

227 2572 334 2651 cidiat,
348 2571 434 2658 quod
447 2593 486 2635 ex
501 2573 612 2637 vitiosa
626 2571 892 2657 pronunciatione
903 2573 999 2650 venit,
1012 2571 1096 2635 ciuat
1110 2586 1148 2637 ut
1161 2573 1268 2660 uuor,

227 2658 314 2723 unde
325 2657 390 2735 alii,
405 2656 511 2721 eidiat.
521 2658 753 2721 Rruuurrus.
771 2659 821 2720 Ita
831 2657 862 2720 in
879 2656 1107 2720 Commodiani
1119 2659 1268 2722 Instruit.

226 2766 361 2808 nurnero
376 2743 489 2806 xxxvii.
505 2742 546 2806 ad
562 2764 636 2827 pag.
649 2757 718 2806 230.
734 2741 785 2805 ed.
800 2743 912 2805 Davis.
929 2743 1042 2806 titulus
1059 2756 1120 2821 est,
1138 2741 1269 2829 Qaiju-

226 2829 379 2893 daeidiant
408 2827 526 2891 anatici
537 2849 595 2912 pro
598 2827 784 2911 judaizant,
794 2828 850 2890 ubi
863 2827 916 2891 hic
927 2827 1184 2914 Cyprianilocus
1193 2850 1267 2894 eum

227 2916 369 2980 Commo
394 2914 466 2977 iano
481 2914 654 2977 confertur.

270 3000 354 3064 lbid.
371 3012 605 3062 sacramentum
620 2998 811 3082 interrogat]
827 2995 970 3062 Additur
981 3020 1041 3062 vox
1055 2997 1228 3088 sacrilegus
1238 3000 1270 3063 in

226 3087 303 3151 edit.
318 3085 456 3163 Baluaii,
472 3086 605 3149 fortasse
627 3083 797 3159 evaStis,
818 3081 1033 3146 nescientibus
1049 3097 1159 3148 tamen
1176 3107 1270 3150 voca·

225 3173 338 3236 bulum
349 3170 450 3249 editis,
462 3171 493 3234 ni
506 3170 610 3245 fallor,
623 3168 785 3243 omnibus,
800 3168 1123 3255 interpretationeque
1142 3170 1275 3250 Graeca,-

225 3271 259 3323 et
274 3256 463 3344 Augustino.
500 3255 613 3320 Delevi
633 3276 717 3331 eant,
738 3274 812 3316 cum
837 3253 919 3315 mihi
940 3254 1069 3339 quidem
1090 3255 1181 3320 haud
1199 3256 1270 3340 pla-

224 3359 311 3407 ceret
329 3343 466 3428 repetita
481 3363 540 3404 vox
555 3340 585 3403 in
603 3339 709 3403 statim
728 3349 801 3423 post
816 3339 1036 3422 sequentibus,
1057 3340 1148 3423 ponit
1167 3340 1271 3406 altare

224 3427 404 3514 sacrilegus.
439 3425 636 3489 Servandum
650 3437 756 3487 antem
769 3423 802 3486 id
815 3424 937 3502 censui,
949 3425 1037 3509 quod
1053 3425 1151 3509 paulo
1163 3440 1240 3491 ante
1251 3449 1271 3490 a

223 3513 359 3579 Baluzio
374 3515 405 3575 in
421 3524 511 3574 textu
528 3508 669 3594 positum
691 3524 740 3573 est
759 3517 912 3594 geruntur
934 3530 992 3593 pro
1013 3510 1109 3572 veteri
1129 3510 1271 3576 lectione

224 3609 375 3684 aguntur,
387 3609 420 3658 et
434 3617 509 3658 mox
524 3593 564 3657 ad
580 3595 671 3656 finem
689 3594 743 3679 huj
749 3616 785 3656 us
800 3593 944 3678 suffragii
958 3593 1090 3657 Domino
1101 3616 1163 3681 pro
1176 3597 1272 3661 Deo.v

269 3682 354 3746 Ibid.
370 3682 392 3744 l.
406 3695 455 3743 25.
480 3679 604 3742 Primus
619 3701 638 3742 a
653 3679 829 3763 Misgirpa]
854 3679 941 3742 Urbs
956 3680 1159 3764 Zeugitanae.
1192 3683 1269 3746 Au-

223 3768 374 3856 gustinus
393 3766 501 3843 habet,
519 3764 646 3828 Primus
662 3763 753 3827 Felix
774 3786 793 3826 a
815 3762 990 3849 Misgirpa.
1025 3763 1129 3850 ldque
1147 3788 1269 3831 nomen

222 3854 352 3940 saepius,
367 3866 400 3915 et
411 3850 580 3936 designato
594 3849 719 3933 repetit.
753 3848 838 3912 Cum
855 3871 928 3912 vero
943 3864 1071 3914 coustet
1086 3850 1196 3936 plures
1214 3852 1270 3917 hic

223 3938 376 4023 subsequi
391 3939 416 4000 F
418 3936 532 4012 elices;
555 3949 589 3998 et
608 3934 739 3998 solenne
757 3934 799 3998 sit
820 3932 963 4020 ejusdem
984 3935 1122 3998 nominis
1138 3937 1270 4022 episco-

245 4048 293 4101 os‚
308 4023 434 4109 adjecta
447 4020 487 4085 ali
512 4042 553 4083 ua
567 4031 644 4083 nota
658 4042 677 4082 a
691 4018 821 4104 reliquis
833 4019 1053 4104 distinguere:
1077 4021 1190 4086 subest
1201 4045 1269 4087 non

220 4049 298 4176 lieris
312 4107 463 4193 suspicio,
478 4043 569 4170 ilium
586 4105 641 4191 qui
657 4103 808 4168 hocloco
823 4105 1012 4169 sententiam
1031 4105 1105 4168 tulit
1121 4106 1270 4172 Felicem

222 4197 321 4271 fuisse
342 4192 552 4279 appellatum,
573 4204 608 4254 et
628 4190 704 4276 quia
721 4201 795 4252 ante
816 4190 957 4276 reliquos
969 4190 1105 4268 dixerat,
1119 4193 1273 4277 primum-

222 4281 338 4360 vocari,
358 4293 394 4346 ut
407 4300 427 4343 a
442 4278 547 4344 Felice
562 4299 581 4342 a
595 4273 710 4365 Bagai,
729 4273 794 4341 alio
809 4274 915 4344 Felice
928 4275 970 4341 ab
987 4276 1123 4357 Uthina,
1137 4298 1158 4342 a
1172 4279 1273 4345 Mar«
