2678 4756
291 276 344 346 m
366 278 400 342 s.
423 273 709 343 nnnnnrnun
732 272 874 340 nnrr.
1040 287 1103 359 279

56 446 142 516 lum.
170 445 256 513 Tum
268 468 342 513 vero
355 447 388 512 in
399 446 534 533 Apolog.
547 469 616 525 sua,
627 446 685 511 lib.
695 445 718 509 i.
731 444 816 508 adm.
830 441 976 528 Rrfinnm
1012 457 1100 506 .202.

56 533 113 599 ed.
128 532 265 599 Froben.
288 532 464 598 Eusebium
485 533 602 619 ipsum,
618 532 720 596 verbis
734 530 767 594 in
781 528 932 593 Latinum
949 549 969 590 a
1014 549 1099 593 raeco

55 618 169 697 versis,
187 616 248 682 hac
268 616 309 682 de
331 639 366 681 re
388 631 504 682 testem
525 617 628 693 citat;
651 618 722 700 Ipse
742 613 866 700 quidem
885 612 1097 697 (Pamphilus)

51 702 180 789 proprii
198 701 298 786 operis
317 700 400 766 nihil
418 701 538 766 omnino
554 701 690 785 scripsit,
706 698 842 783 exceptis
854 696 1004 795 epistolis,
1022 719 1100 796 quas

50 788 103 861 ad
123 785 238 852 amicos
248 786 340 872 forte
360 786 528 851 mittebat.-
552 786 585 849 in
608 796 731 849 tantam
744 807 776 848 se
792 783 971 849 humalitate
983 783 1099 866 dejece-

55 881 124 939 rat.
174 871 263 936 Cum
289 893 364 936 vero
387 871 490 956 Apnlo
515 870 578 935 ianr
601 886 658 970 pro
686 870 743 934 Ori
765 892 829 947 ene,
855 890 952 954 quam
981 869 1101 953 partim

57 954 141 1023 Pam
163 955 231 1021 hilo
251 956 319 1042 ipse
340 979 471 1043 quoque
489 893 650 1020 llusebrus
670 892 828 1032 attribuit,
845 953 909 1016 hoc
923 954 997 1017 loco
1011 951 1100 1018 idem

55 1041 115 1107 ille
135 977 294 1105 Eusebius
315 1040 504 1126 neglexerit,
527 1062 566 1105 eo
588 1041 694 1104 minus
716 1039 860 1126 urgenda
884 1038 979 1102 verba
997 1038 1101 1119 fateor

54 1146 130 1193 ease
143 1138 256 1190 contra
270 1126 387 1205 brevia,
402 1125 574 1212 dequibus
591 1148 675 1190 nunc
690 1126 828 1211 agimus,
842 1122 992 1208 capitula.
1032 1120 1100 1189 Hie

56 1211 193 1290 notabo,
211 1209 346 1274 sensisse
366 1233 430 1290 me,
445 1225 617 1296 postquam
638 1211 709 1274 haec
729 1209 937 1356 scripsissem,
958 1207 1000 1272 cl.
1021 1207 1100 1273 Kei-

55 1295 140 1362 lium
164 1294 198 1359 in
219 1294 408 1360 Harlesiana
430 1295 507 1360 edit.
530 1294 726 1359 Fabricianoe
746 1294 789 1357 Bi
810 1292 950 1358 liothecoe
975 1292 1100 1357 Groecae

56 1379 205 1445 temni.
215 1401 249 1466 p.
261 1393 331 1443 303.
345 1381 568 1446 Wetstenium
581 1395 616 1444 et
628 1381 812 1445 Ernestium
827 1378 868 1443 de
882 1379 942 1443 hac
958 1399 1002 1458 re,
1014 1379 1100 1464 pari·

56 1476 110 1531 ter
120 1476 218 1552 atque
233 1485 298 1550 ego
312 1465 463 1544 feceram,
478 1464 658 1530 adduxisse.

102 1549 163 1616 An
190 1550 338 1616 Canaces.
353 1550 443 1636 quod
471 1551 587 1616 attinet
613 1549 848 1615 ecclesiasticos
875 1549 917 1613 ab
945 1548 1101 1634 apostolis

57 1634 150 1722 ipsis,
165 1634 192 1699 si
205 1634 278 1699 Diis
298 1634 415 1720 placet,
431 1635 464 1699 in
478 1636 616 1701 concilio
630 1634 838 1701 Antiocheno
854 1634 1003 1713 sancitos,
1019 1657 1102 1721 quos
1174 1652 1178 1673 ¹

57 1719 194 1807 quidem
207 1719 382 1784 Turrianus
396 1720 455 1785 lib.
469 1720 491 1784 i.
507 1721 652 1786 adversus
667 1720 955 1820 Magdeburgeases
968 1742 1038 1805 cap.
1049 1735 1101 1784 25.

57 1804 171 1883 tradit,
197 1805 399 1891 Pamphilum
429 1808 611 1893 Martyrem
640 1807 762 1885 testari,
786 1827 820 1870 se
845 1828 878 1870 nr
905 1805 1104 1870 bibliotheca

59 1889 213 1976 Origenis
228 1890 402 1975 reperisse3
425 1905 551 1956 constat
566 1891 704 1957 eundem
719 1891 912 1955 Turrianum
929 1912 1032 1977 neque
1046 1913 1102 1955 ca·

58 1995 163 2041 nones
177 1995 281 2060 neque
296 1975 517 2040 testimonium
534 1976 706 2062 sumpsisse
719 1998 759 2040 ex
770 1997 867 2062 opere
880 1975 989 2061 aliquo
1006 1977 1102 2039 Pam·

58 2059 155 2209 &lp
174 2058 350 2146 adscripto,
370 2060 428 2126 sed
449 2083 489 2125 ex
509 2059 687 2148 ἀνεπιγρᾶφῳ
707 2060 848 2147 quodam
869 2060 1030 2124 manuseri
1055 2072 1102 2125 to.

159 2156 265 2210 autem
279 2146 428 2226 Coronae,
438 2168 519 2232 quos
532 2145 752 2234 supposititios
765 2167 834 2210 esse
845 2144 941 2210 multi
953 2144 1010 2209 viri
1045 2167 1103 2211 oc-

59 2228 99 2308 ti,
109 2241 179 2295 tam
190 2230 408 2295 Romanenses
440 2254 515 2295 uam
529 2231 716 2312 Reformati,
727 2230 948 2313 ostenderunt,
958 2242 995 2295 ut
1004 2230 1102 2295 falsos

59 2312 220 2401 fictosque
234 2313 400 2400 ablegavi3
418 2254 502 2381 dum
522 2315 758 2402 Expositionem
779 2314 927 2415 Cupitum
946 2326 1120 2402 tanquam*

59 2396 196 2463 dubiam
221 2398 463 2485 relinquendam
487 2423 558 2466 esse
582 2401 702 2467 censui.
746 2401 899 2488 Demque
923 2399 1102 2466 Sententias

59 2482 226 2567 Pamphili
243 2485 404 2571 Martyris
423 2485 586 2551 adversam
604 2485 847 2550 Mathematicos
869 2486 985 2549 Latine
1003 2485 1103 2550 inter·

154 2579 224 2634 tum
247 2589 317 2632 esse
339 2570 502 2649 Rufinum,
523 2569 710 2638 Gennadius
732 2570 777 2635 ait
799 2571 832 2634 in
854 2571 955 2635 Libro
978 2591 1037 2637 suo
1052 2572 1104 2637 De

96 2650 154 2716 tris
167 2651 348 2717 Illustribas
359 2674 431 2740 cap.
444 2655 517 2721 xvii.
540 2657 662 2742 Atque,
677 2657 704 2720 si
718 2655 818 2720 modo
833 2654 1022 2740 inspiciatur
1035 2657 1104 2720 Ru·

61 2736 147 2801 finus
167 2734 237 2823 ipse
258 2738 290 2801 in
309 2738 465 2804 Invectiva
483 2751 589 2818 contra
609 2740 740 2805 Hieron.
756 2739 868 2824 priori,
877 2761 937 2827 pp.
949 2747 1020 2819 263,
1031 2746 1102 2804 264.

55 2819 115 2887 ed.
132 2821 269 2886 Froben.
293 2821 353 2908 Op.
367 2823 498 2889 Hieron.
514 2824 602 2889 haud
616 2824 756 2890 dubitari
771 2825 884 2910 possit,
897 2824 973 2911 quin
989 2824 1105 2911 hujus-

57 2904 155 2971 modi
175 2905 323 2993 quaedam
345 2929 365 2971 a
386 2909 502 2973 Rufino
517 2911 665 2974 confecta
679 2932 719 2974 ex
730 2908 928 2995 Apologetico
946 2909 1106 2995 Pamphili
1175 2961 1180 2968 .

57 2988 212 3057 fierint.
241 2992 348 3055 Immo
368 2993 481 3058 Justus
500 2994 695 3059 Fontaninus
716 2994 748 3058 in
770 2994 859 3058 Hist.
874 2994 941 3058 Lit.
957 2993 1103 3080 Aquilei-

56 3073 131 3139 ensi
143 3074 199 3139 lib.
211 3098 240 3140 v.
253 3096 325 3161 cap.
336 3093 367 3154 9.
383 3097 416 3162 p.
428 3091 498 3142 323.
513 3102 588 3144 eum
602 3080 636 3145 in
650 3080 745 3158 libro,
758 3079 814 3164 qui
829 3091 974 3163 superest
985 3077 1072 3162 Apol
1089 3113 1104 3128 ·

56 3158 172 3247 getici,
192 3160 346 3225 nonnulla
364 3162 550 3228 testimonia
568 3177 682 3228 contra
698 3163 879 3249 astrologos
899 3184 956 3226 seu
975 3164 1104 3227 mathe-

57 3244 201 3309 maticos
227 3244 410 3327 invenisset,
437 3249 562 3328 statuit,
590 3247 725 3335 hujusce
752 3247 903 3334 martyris
930 3249 1104 3314 sententias

57 3325 232 3394 adversum
254 3330 384 3396 eosdem
409 3353 430 3396 a
452 3333 569 3397 Rufino
593 3353 760 3399 conversas
785 3332 960 3397 etiamnum
985 3346 1106 3413 extare,

59 3434 147 3501 quas
161 3413 215 3479 alii
229 3414 286 3479 viri
301 3415 401 3497 docti,
414 3416 466 3483 vel
480 3439 645 3520 nunquam
659 3419 800 3483 extitisse
817 3416 867 3481 vel
885 3416 954 3503 jam
978 3416 1104 3482 dudum

58 3497 208 3585 periisse,
228 3511 429 3575 censuerant.
472 3502 533 3568 Ait
554 3517 676 3569 interea
693 3503 883 3568 Delaruaeus
903 3502 937 3565 in
950 3502 1105 3567 Admoni-

59 3580 149 3647 ticnc
162 3583 196 3648 ia
206 3584 408 3672 Apologiam,
422 3587 549 3655 etiamsi
563 3587 653 3654 daret
668 3590 738 3674 quis
762 3588 826 3653 iam
843 3588 876 3652 in
890 3588 996 3673 primo
1010 3588 1105 3675 Apo-

59 3664 164 3753 logia
177 3667 276 3749 libro,
287 3691 385 3757 quem
400 3673 494 3737 vertit
508 3673 653 3752 Rufinus,
668 3673 733 3738 nih‘
761 3685 875 3738 contra
891 3672 1105 3738 Mathemati-

58 3770 123 3817 σου
140 3751 251 3834 fuisse,
265 3766 299 3819 at
315 3769 449 3822 caeteros
469 3757 570 3824 libros
592 3780 626 3823 se
650 3771 772 3840 nentes,
794 3757 967 3844 inquibus
987 3759 1107 3824 alicubi

59 3834 202 3936 forsitan
223 3839 282 3903 fati
304 3854 478 3907 assertores
501 3780 763 3923 confutabantur,
787 3844 901 3907 Latine
921 3842 1052 3908 reddere
1072 3846 1107 3909 in

60 3942 176 3987 ammo
191 3923 305 3989 saltem
319 3937 389 3990 erat
403 3928 532 4008 Rufino,
547 3950 644 4014 quem
659 3927 779 3994 abhoc
793 3927 868 3993 loco
882 3927 1037 3993 deterruit
1050 3951 1106 3993 so·

56 4004 118 4097 lus
134 4006 321 4075 Macharius
338 4010 439 4077 libros
452 4015 520 4099 aspi
534 4019 631 4098 ἀρχῶν
646 4013 860 4103 Origenianos
874 4012 1001 4078 videndi
1014 4013 1106 4100 cupi·

59 4088 145 4173 dus3
166 4113 244 4182 pag.
255 4110 288 4163 5.
304 4108 385 4164 tom.
397 4097 437 4165 iv.
456 4099 515 4184 Op.
533 4098 688 4186 Origenis.

559 4280 615 4333 '1'4
