2678 4756
389 275 442 340 IN
464 273 692 342 CONClLIA
716 274 951 343 CARTHAG.
1132 292 1194 365 155
1306 281 1312 289 “

143 445 274 525 'roaaai‚
296 468 317 511 a
333 446 531 524 Buslacenis‚
552 458 586 510 et
608 468 627 510 a
649 445 843 533 Gurgitibus
865 445 1116 531 distingueretur
1127 469 1137 525 ;
1160 459 1194 511 et

147 533 207 610 ita,
226 533 321 617 lapsu
342 533 418 595 satis
438 533 582 616 proclivi,
606 533 701 618 primi
722 554 833 595 vocem
857 555 929 618 quae
951 553 1120 595 numerum
1137 554 1192 594 so·

147 617 321 683 lummodo
331 616 533 702 designabat,
542 640 616 681 vero
627 619 768 696 nomine,
781 633 933 702 tanquam
947 637 1194 716 supervacaneo,

147 703 273 766 omisso
286 703 319 766 in
333 724 456 766 nomen
464 703 634 766 transiisse.
672 702 817 767 Civitatis
832 701 928 767 hu'us
942 702 1084 786 episcopi
1100 724 1193 767 men-

147 787 273 853 tionem
302 787 529 852 faciunt‘inter
549 788 629 851 alios
657 787 776 852 Collat.
797 727 952 872 Cartbag.
972 800 1005 849 et
1019 789 1050 850 V
1053 789 1107 850 ict.
1123 789 1208 862 Vit.¹

148 873 251 937 Porro
268 873 456 951 notandum,
472 873 504 936 in
519 874 631 937 Africa
647 874 812 951 Primates,
834 895 897 937 non
912 874 953 935 ab
968 872 1096 937 urbium
1118 872 1191 957 opi-

147 956 211 1022 bus
221 971 279 1022 aut
290 959 513 1044 praerogativa,
528 959 581 1022 sed
591 959 757 1023 secandam
770 969 889 1042 tempas
898 981 966 1022 snoe
977 956 1191 1035 ordinationis,

146 1057 185 1107 ut
202 1044 322 1107 Leonis
332 1045 399 1107 lx.
416 1045 518 1107 verbis
531 1059 614 1122 utar,
629 1045 750 1108 censeri
765 1045 895 1108 solitos:
913 1060 1009 1128 atque
1019 1043 1093 1106 ideo
1107 1065 1193 1111 seres

146 1129 405 1214 appellabantur.
456 1131 589 1213 Insuper
603 1131 636 1192 in
650 1130 812 1215 suffragiis
831 1128 968 1192 ferendis
988 1128 1016 1191 is
1038 1128 1100 1192 fuit
1121 1150 1194 1193 mos

146 1228 336 1299 perpetuus,
351 1228 389 1277 ut
409 1215 433 1278 ii
454 1216 508 1301 qui
530 1215 624 1298 primi
644 1215 686 1278 ad
707 1215 929 1300 episcopatum
950 1214 1103 1297 promoti,
1118 1229 1193 1277 ante

146 1299 230 1363 alios
254 1300 445 1363 sententiam
469 1301 624 1364 dicerent.
666 1302 776 1387 Quare
796 1300 868 1364 illos
891 1299 946 1384 qui
969 1299 1022 1361 hic
1045 1299 1192 1362 ordinem

147 1383 285 1463 ducunt,
307 1385 541 1470 provinciarum
565 1386 716 1470 primates
736 1386 834 1449 fuisse
853 1384 1014 1448 existimo.
1059 1385 1193 1482 Septem

147 1469 281 1554 quidem
296 1471 428 1535 fuerunt
443 1470 630 1556 partitiones
646 1471 785 1547 Africae„
800 1483 948 1555 respectu
967 1469 1131 1554 regiminis
1146 1469 1207 1533 ci·-

144 1555 218 1619 'vilis
230 1579 240 1634 ;
264 1555 321 1620 sed
335 1569 400 1620 tres
412 1568 537 1619 tantum
551 1555 647 1620 fuisse
659 1555 901 1633 ecclesiasticas,
913 1577 952 1618 ex
966 1554 1083 1641 synodi
1095 1554 1194 1642 hujus

145 1639 241 1705 initio
255 1640 350 1705 datur
364 1641 514 1725 intelligi.
537 1643 562 1707 F
564 1663 699 1705 uetus.
730 1642 807 1705 Vid.
824 1663 919 1726 supra
934 1662 966 1725 p.
982 1656 1048 1703 151.
1085 1642 1207 1705 Nota·-

146 1739 237 1789 verat
254 1739 329 1789 ante
342 1727 520 1801 ·PameliuS‚
543 1734 563 1765 “
580 1727 685 1790 Omisi
705 1749 779 1791 cum
798 1728 873 1791 MS.
888 1741 921 1789 et
936 1726 1087 1789 Manutio
1103 1725 1192 1812 quod
1251 1764 1255 1773 ·

146 1817 169 1849 “
185 1809 435 1876 interserebatur
451 1812 536 1875 Felix
553 1824 623 1875 tum
640 1813 671 1875 in
689 1812 812 1876 excusis
823 1826 892 1877 tum
904 1810 989 1896 apud
1000 1812 1044 1875 D.
1054 1812 1207 1896 Augus,

146 1901 170 1935 “
184 1897 304 1975 tinum,
330 1918 370 1960 eo
394 1897 482 1982 quod
508 1897 633 1961 Primus
658 1897 835 1982 episeopus·
853 1918 951 1982 supra
972 1910 1063 1960 tomo
1086 1897 1192 1981 primo

147 1988 169 2039 ‘·‘
184 2004 262 2047 cum
277 1982 347 2046 aliis
361 1982 532 2066 epistolam
547 1982 643 2047 lxviii.
660 1983 853 2067 scripserit.''
890 1981 1035 2067 Epistola
1053 1981 1123 2045 lraec
1141 1996 1191 2047 est

146 2067 278 2132 concilii
301 2069 448 2154 superius
471 2070 630 2133 numerati
644 2069 684 2130 iv.
707 2069 865 2132 Scribitur
889 2068 966 2132 urbs
987 2066 1135 2152 Migirpa
1157 2069 1192 2132 in

146 2152 217 2216 edd.
234 2153 375 2231 Erasmi,
391 2153 610 2240 Manumque,
624 2153 803 2241 Augustino
826 2165 859 2216 et
876 2151 1020 2216 Consiliis
1037 2152 1139 2229 editis,
1158 2165 1205 2218 et.

145 2239 279 2317 rectius,
299 2261 371 2302 nam
392 2238 538 2325 Migirpa
556 2262 632 2303 cum
650 2239 681 2302 in
702 2238 827 2303 Notitio
843 2252 911 2302 tum
929 2239 960 2302 in
978 2235 1092 2300 Callai.
1112 2238 1191 2300 Car·

147 2321 238 2410 tliog.
261 2337 451 2401 memorata,
470 2325 502 2388 in
528 2325 688 2407 provincia
711 2324 931 2409 proconsulari
951 2323 1011 2386 sita
1031 2339 1091 2386 est.
1114 2323 1191 2388 Vid.

145 2409 285 2494 Dupinii
311 2409 499 2494 Geograph.
523 2411 653 2473 Sacram
681 2410 801 2474 Africae
829 2410 862 2474 S.
891 2409 1005 2493 Optato
1028 2409 1191 2492 praefixam

145 2515 179 2581 p.
192 2494 289 2559 xxxii.
312 2496 383 2559 Etsi
399 2509 489 2558 notat
505 2495 694 2559 Harduinus
711 2496 774 2580 legi
789 2494 822 2559 in
837 2496 911 2559 MS.
928 2517 986 2558 suo
1000 2494 1167 2578 Miscirpa.

192 2580 227 2642 P.
240 2595 291 2658 92.
305 2579 328 2643 l.
341 2595 391 2644 32.
416 2580 612 2667 polycarpus
627 2582 667 2644 ab
682 2581 876 2664 Adrumeto]
897 2583 928 2644 le
941 2594 990 2643 est
1004 2580 1058 2642 ille
1070 2580 1111 2644 de
1125 2602 1191 2666 quo

145 2665 271 2731 mentio
295 2665 380 2729 facta
404 2665 435 2729 in
460 2667 553 2751 epist.
567 2667 640 2731 xlvi.
661 2666 702 2730 ad
721 2669 809 2729 Pam.
826 2689 915 2730 num.
927 2667 988 2729 xlv.
1003 2679 1037 2729 et
1053 2665 1190 2731 fortasse

144 2751 209 2835 Ep.
224 2750 340 2815 lxxxvi.
355 2751 395 2814 ad
411 2750 540 2815 Pamelii
558 2752 753 2816 numlxviii.
777 2753 938 2815 Faunus
1016 2748 1022 2757 “

192 2837 227 2898 Ρ.
242 2850 293 2913 93.
308 2835 331 2900 l.
343 2851 373 2900 2.
388 2837 610 2901 testimonium
626 2837 769 2922 reddere]
783 2837 895 2922 Vulgo
910 2835 969 2899 sili
981 2837 1191 2902 testimoninm

144 2921 286 2997 reddere,
316 2921 405 3006 quod
430 2922 550 2986 mutavi
575 2923 635 2986 fide
664 2923 755 2987 nixus
778 2921 853 2986 edit.
876 2922 1091 3002 Erasmianoe,
1117 2925 1189 2988 Aa·

142 3006 279 3095 gustini,
294 3007 536 3093 Interpretispae
553 3008 671 3087 Graeci,
686 3022 720 3071 et
739 3007 954 3072 Consiliorum.

192 3091 278 3158 lbid.
293 3092 315 3156 l.
328 3110 359 3169 9.
382 3093 465 3156 inter
489 3093 587 3156 laicos
613 3095 726 3178 recipi]
756 3094 808 3158 Sic
827 3093 1008 3178 (Cyprian.)
1028 3094 1130 3178 Epist.
1148 3094 1188 3159 ad

143 3178 383 3255 Antonianum,
409 3178 462 3242 Sic
476 3188 578 3242 tamea
602 3179 814 3242 admississent
831 3177 1024 3262 Trophimati,
1039 3191 1073 3242 at
1091 3179 1200 3243 totan-
1307 3182 1317 3197 '²

144 3263 358 3338 comanaaicet.
381 3265 616 3329 Rreaurrus.
663 3264 756 3327 Adde
777 3263 865 3349 quod
886 3285 982 3348 supra
1001 3264 1189 3329 dictumest

143 3348 180 3413 ia
196 3348 304 3432 Epist.
322 3348 454 3412 Concilii
470 3350 621 3448 Cartltag.
640 3371 693 3413 1v.
709 3371 740 3435 p.
755 3364 803 3412 82.
818 3363 852 3413 et
867 3365 934 3412 not.
950 3370 982 3433 p.
997 3364 1067 3430 117.

191 3434 276 3498 lbid.
292 3435 314 3497 l.
329 3447 373 3498 14.
389 3434 458 3498 falsi
477 3435 611 3520 chrisa]
629 3434 700 3498 falsi
719 3435 904 3498 Christiani.
929 3434 1201 3501 ltarestituimus·

144 3540 186 3583 ex
203 3519 266 3583 fide
282 3533 423 3583 veterum
439 3520 606 3583 librorum.
644 3520 845 3583 Confirmant
864 3532 972 3583 autem
993 3518 1075 3582 lianc
1094 3522 1186 3587 resti·

142 3605 308 3669 tutionem
338 3606 434 3668 verba
461 3605 654 3668 Secundiani
680 3628 699 3668 a
725 3607 839 3691 Carpis
863 3626 938 3690 pag.
950 3619 1020 3668 333.
1040 3619 1187 3672 actorum

143 3690 298 3767 concilii:
324 3689 359 3754 Si
377 3689 548 3753 Christiani
563 3712 624 3753 non
637 3702 721 3768 stent,
738 3691 884 3777 quamodo
901 3689 1093 3754 Christianos
1096 3691 1188 3776 faei-

143 3777 227 3838 nat!
248 3777 328 3840 Non
347 3775 495 3858 displicet
509 3788 616 3837 tamen
636 3775 734 3840 lectio
754 3799 827 3861 quae
842 3776 940 3839 habet
955 3775 1188 3842 Fata-carisii.

143 3861 358 3925 Baccarus.
403 3860 561 3923 Parnelius
578 3883 706 3946 quoque
722 3875 862 3945 quatuor
883 3877 1114 3927 memoraverat
1132 3885 1189 3927 co-

144 3944 246 4023 dices,
259 3944 421 4032 inquibus
435 3946 604 4030 legebatur
607 3945 694 4030 salsi
711 3945 892 4010 Christiani.
914 3945 978 4009 Sed
991 3946 1123 4011 alteram
1137 3970 1201 4012 re·-

145 4031 253 4095 vocavi
269 4030 480 4108 locutionem,
495 4053 569 4115 quae
584 4053 658 4094 cum
675 4031 776 4115 petita
791 4044 873 4095 esset
887 4054 927 4095 ex
943 4033 1030 4094 Mat.
1042 4034 1121 4096 xxiv.
1136 4047 1196 4111 24.

145 4128 181 4178 et
193 4116 301 4180 Marc.
312 4115 378 4178 xiii.
388 4129 438 4178 22.
451 4129 551 4179 tuma
566 4117 590 4178 F
592 4116 750 4181 irmiliano
764 4117 797 4180 ia
809 4117 924 4180 celebri
936 4116 1108 4189 adhibetur
1119 4119 1188 4202 epi·

145 4201 242 4267 stola.
287 4202 335 4266 Et
351 4212 453 4265 tanea
468 4223 527 4299 aron
541 4201 637 4286 pudet
653 4201 857 4288 Stephannna,
872 4202 976 4288 inquit
991 4201 1057 4288 ille,
1075 4202 1199 4289 Cypri-³
