2678 4756
387 548 952 763 rnnocuosrns

534 891 808 931 μὴ...

275 1086 375 1159 Gur.
388 1087 555 1177 Cavrus,
575 1086 676 1160 Hor.
698 1086 774 1162 Lu.
793 1060 921 1160 torni.
940 1113 977 1186 p.
993 1085 1075 1160 146.
1119 1088 1121 1093 ’
1169 1116 1172 1121 ·

149 1243 573 1370 Tnuocuosrus
607 1270 891 1369 Alexandrinus,
927 1278 1121 1352 sacrorum·
1149 1278 1193 1380 ιῑτ
1301 1314 1305 1325 ,

152 1403 303 1473 brorum
336 1401 514 1500 interpres
542 1401 641 1500 apud
671 1402 858 1491 Photium,
880 1401 977 1474 cod.
1005 1401 1086 1475 106.
1119 1405 1193 1502 daig
1292 1422 1296 1429 ’

152 1528 254 1616 λόγιος
270 1523 483 1614 Athanasio,
501 1524 561 1596 De
582 1524 730 1596 Decret.
749 1523 890 1623 Synod.
910 1524 1056 1597 Nicaen.
1075 1525 1138 1621 qui
1157 1536 1195 1597 et
1233 1558 1238 1570 ·

150 1645 239 1717 alibi
271 1672 355 1717 eum
383 1649 558 1729 θαυμάσιον
583 1648 632 1717 καὶ
662 1652 816 1718 σπουδαῖον
844 1658 959 1719 vocat.
1012 1648 1196 1721 Claruisse
1308 1650 1314 1665 ‘

152 1768 297 1840 videtur
322 1767 418 1840 cirea
442 1795 501 1840 an.
521 1780 604 1841 283.
633 1768 802 1867 Origenis
829 1769 1040 1869 discipulus,
1065 1772 1193 1845 saltem

153 1889 193 1961 in
219 1889 361 1988 seriptis
387 1889 464 1986 ejus
487 1890 764 1964 versatissimus.
817 1884 925 1964 Certe
943 1893 998 1964 vir
1015 1905 1092 1966 erat
1108 1920 1194 1966 cum
1269 1959 1278 1969 ,

153 2013 201 2083 ob
220 2010 437 2103 doctrinam,
455 2025 534 2085 tum
559 2015 607 2086 ob
623 2012 709 2086 vitae
734 2013 1013 2087 sanctimoniam
1038 2016 1198 2090 celeber·
1280 2044 1283 2055 ·

154 2134 282 2207 rimus.
335 2135 530 2233 Gymnasii
556 2135 780 2237 Qatechetici
806 2137 902 2235 apud
926 2136 1196 2211 Alexandrinos

153 2256 348 2355 praefectus
366 2270 454 2332 erat.
507 2259 620 2333 Unde
642 2261 681 2333 in
706 2287 857 2358 operum
876 2287 1024 2335 suorum
1043 2262 1198 2360 inscrip-
1262 2358 1264 2363 Ι
1304 2286 1312 2296 ·

154 2379 256 2451 tione
271 2384 423 2475 ἐξηγητὴς,
438 2408 501 2454 seu
519 2383 696 2455 librorum
715 2408 899 2456 sacrorum
916 2383 1105 2483 interpres,
1120 2383 1197 2459 die-

156 2515 217 2598 tus
234 2515 301 2592 est,
319 2529 407 2576 voce
426 2505 511 2577 huic
532 2505 675 2577 muneri
691 2531 793 2603 pene
816 2506 974 2604 propria.
1026 2505 1196 2604 Origenis
1232 2513 1238 2526 '

155 2625 268 2698 fuisse
286 2627 506 2729 discipulum
530 2655 639 2702 nemo
662 2621 834 2703 dubitare
855 2643 988 2728 potest,
1006 2631 1069 2727 qui
1088 2631 1198 2704 libro·

156 2775 239 2822 rum
265 2751 342 2847 ejus
367 2764 594 2850 argumenta,
612 2778 694 2849 quae
717 2753 868 2825 exhibet
889 2753 1055 2844 Photius,
1073 2779 1197 2827 secum

155 2865 368 2972 perpendet.
421 2877 530 2950 Certe
550 2878 696 2950 Arianis
718 2878 945 2976 temporibus
963 2878 1197 2952 vetustiorem

155 2999 266 3071 fuisse
284 3000 370 3072 satis
389 3001 520 3098 arguit,
539 3000 636 3096 quod
655 3000 825 3074 adversus
843 3000 997 3074 Arianos
1016 3001 1117 3074 testis
1135 3001 1199 3073 ad·
1307 3094 1313 3102 ¹

156 3123 315 3211 hibetur,
342 3122 514 3218 quodque
543 3123 665 3221 ipsum
694 3122 861 3222 proxime
888 3136 972 3220 post
997 3124 1197 3222 Origenem
1303 3106 1312 3122 „

154 3245 253 3318 inter
276 3246 372 3318 viros
392 3248 547 3343 priscos,
573 3247 813 3335 admirandos,
841 3246 1009 3336 emrditos,
1036 3260 1200 3320 recenset

154 3366 392 3459 Athanasius,
410 3370 449 3442 in
467 3369 572 3459 illud,
595 3370 805 3468 Quicunque
823 3369 894 3442 dia.
931 3368 1124 3468 Philippus
1141 3370 1199 3443 Si-

154 3489 259 3563 detes
279 3517 364 3564 eum
384 3491 504 3564 Pierio
520 3492 558 3564 in
577 3493 701 3565 schola
716 3490 967 3567 Alexandrina
984 3494 1199 3569 successisse

155 3611 249 3684 dicit
266 3611 322 3709 (in
340 3612 546 3710 fragmento
569 3639 589 3685 a
614 3613 809 3693 Dodwello
831 3614 877 3686 ad
904 3617 1016 3689 finem
1035 3617 1198 3691 Discere.

155 3738 196 3809 iu
207 3736 390 3836 Ireuaeum
406 3738 534 3843 edito),
567 3740 677 3813 Unde
694 3741 872 3836 conjicere
889 3742 943 3816 fas
961 3744 1041 3834 erit,
1054 3744 1199 3844 Theog-

156 3872 306 3934 nostum
328 3860 424 3934 circa
448 3848 533 3935 ann.
553 3875 639 3935 282.
659 3863 755 3935 hanc
779 3864 941 3938 scholam
968 3866 1139 3957 tenuisse,
1157 3879 1200 3941 ut

157 3985 197 4057 in
207 3969 338 4058 =Pierio
354 3987 636 4060 observavimus.
683 3986 837 4086 Scripsit
854 3990 951 4088 stylo
967 4001 1124 4062 venusto·
1137 3988 1202 4063 ad-

158 4106 311 4180 modum
336 4133 378 4180 ae
399 4107 601 4207 perspicuo,
621 4107 906 4210 Hypotpposeun
924 4112 1033 4186 libros
1050 4127 1086 4202 7.
1110 4138 1202 4211 quo·
