2678 4756
384 268 438 350 tu
459 276 688 352 coactns
711 276 946 352 carruae.
1122 285 1190 371 ns

143 468 208 519 m
226 448 289 517 nasi
309 448 447 519 eeclesiae
467 441 723 537 computaremus.
754 452 937 542 Cyprianus
950 448 1055 536 Epist.
1069 449 1108 516 ad
1122 452 1184 518 Ju-

143 537 297 605 bdansm
312 536 500 618 ain-multos
505 538 580 624 jane
592 561 688 604 annos
700 551 732 605 et
748 537 874 626 longam
884 537 1044 602 transiisse
1054 547 1192 601 ‹etatem-

144 640 186 688 εκ
200 642 259 711 quo
270 622 328 688 sul
341 622 533 722 Agrippino,
553 623 817 703 loncernenaoriae
830 623 907 702 uiro,
927 622 1137 687 conemientes
1150 624 1185 687 in

143 708 244 773 enum
257 706 390 794 episcope
425 707 531 774 lumeni
546 708 602 773 ltoc
615 709 793 775 statuerint.
816 712 858 773 Et
871 707 1067 794 Epistolaad
1080 708 1186 795 Quin·

144 806 239 873 tum}
261 815 327 859 non
346 814 373 857 a⁴
409 815 568 874 ecessore,
592 794 647 860 sed
670 792 919 860 Antecessorilns
940 792 1005 858 suis
1026 807 1197 858 statutum·

145 876 297 943 allinunt.
342 877 480 966 Insuper
501 880 719 945 Tertullianus
744 881 801 946 lib.
829 879 869 943 de
896 878 1186 976 Baptismoc.15.

150 962 240 1029 Unus
250 962 371 1029 omnine
387 964 557 1050 baptismus
570 975 616 1029 est
629 965 714 1035 nolis
727 976 792 1030 tuns
804 987 843 1029 en
855 962 985 1029 Donscni
1000 962 1187 1050 Evangelio,

194 1070 244 1137 ‚m
260 1070 301 1113 ea·
310 1049 456 1136 Apostoli
471 1048 592 1114 literis:
615 1050 761 1137 qnoniam
774 1071 855 1114 unus
866 1047 1030 1126 Dominus,
1045 1058 1075 1111 et
1089 1070 1194 1112 unum·

208 1133 316 1214 tisino,
329 1145 361 1200 et
373 1156 438 1199 una
446 1133 575 1199 ecclesia
588 1135 620 1200 in
632 1135 728 1199 coelis.
773 1135 834 1201 Sed
848 1135 930 1198 circu
944 1132 1104 1197 laereticos
1115 1154 1192 1199 sane

147 1218 226 1305 quid
248 1219 479 1298 nntodiendum
491 1220 534 1284 sit
552 1220 645 1308 digne
668 1221 738 1308 quis
757 1230 915 1284 retractet.
958 1216 1015 1282 Ad
1031 1240 1086 1282 nos
1105 1219 1192 1282 enim

146 1303 268 1369 editum
280 1314 346 1370 ests
370 1305 510 1370 lcoeretici
530 1317 634 1370 autern
655 1306 779 1370 nullum
801 1305 913 1370 nolent
934 1304 1117 1368 consortium
1134 1325 1192 1369 no··
1239 1378 1242 1382 ,

136 1398 228 1453 strae
241 1388 430 1476 disciplinae,
445 1412 521 1478 quos
534 1401 695 1455 extraneos
709 1391 818 1478 utique
832 1400 965 1477 testatur
977 1389 1045 1474 ipsu
1056 1389 1194 1457 ademtis

149 1474 443 1539 communicationis.
472 1476 544 1540 Non
554 1474 642 1545 deleo
654 1474 763 1540 inillis
778 1497 953 1563 cognoscere
986 1473 1192 1541 uodrnileiest

143 1569 355 1645 praeceptum,
368 1558 445 1647 quia
458 1583 519 1625 non
533 1560 614 1625 idern
630 1561 719 1625 Deus
731 1570 777 1625 est
790 1560 877 1626 nolis
890 1570 921 1624 et
935 1497 1002 1623 itin
1010 1585 1023 1638 ,-
1044 1580 1100 1623 nec
1111 1576 1193 1625 unus

152 1642 307 1723 centem
319 1634 354 1709 id
365 1656 424 1725 est,
435 1643 527 1710 idern.
550 1647 682 1732 Ideoque
694 1667 749 1710 nec
763 1645 932 1732 baptismus
940 1666 1030 1724 unus,
1042 1644 1191 1730 quianon

150 1728 234 1794 ideae
242 1754 256 1810 ,·
276 1751 369 1831 quern
386 1750 455 1794 euno
472 1731 533 1795 rite
551 1754 613 1795 non
634 1730 777 1809 doleant,
797 1732 862 1796 sine
876 1728 965 1794 dulia
979 1752 1041 1793 non
1056 1729 1169 1795 labent
1178 1752 1193 1809 e

148 1831 205 1879 nec
219 1826 304 1900 capot
319 1814 477 1880 numerari
492 1817 574 1903 qnod
586 1839 645 1880 non
661 1815 800 1881 liabetur.
836 1817 888 1881 Ita
901 1837 956 1879 nec
966 1826 1095 1900 possunt
1110 1816 1192 1880 tacci-¹

147 1912 235 1984 pere,
249 1899 400 1987 quianon
413 1899 537 1966 halent.
574 1902 695 1966 Pariter
709 1902 742 1966 in
757 1902 814 1966 lib.
830 1901 871 1966 de
887 1901 1064 1986 Praescript.
1094 1901 1193 1965 Νευιο

149 1983 225 2049 iside
235 1985 317 2050 strati
323 1994 435 2070 potest,
446 1986 528 2051 unde
537 1987 729 2052 destncitnrs
751 2010 836 2051 nemo
851 1985 889 2050 al
901 2009 933 2049 eo
947 1984 1156 2064 illuminatur,
1171 2008 1193 2052 u
1261 2030 1264 2037 ·

151 2090 214 2156 qno
235 2069 481 2136 mntenelrotur.
527 2072 562 2136 Si
584 2071 626 2136 ad
650 2072 789 2136 Consilii
815 2071 943 2137 Nicaeni
966 2083 1113 2156 tempora
1134 2071 1192 2135 de·
1268 2138 1272 2147 ,

151 2155 356 2236 meridiamus,
377 2157 554 2243 apparebit,
576 2157 692 2245 synodi
711 2157 804 2223 istius
828 2159 948 2235 Patres,
972 2171 1085 2221 contra
1125 2155 1193 2222 uod

150 2238 284 2326 plurimi
299 2241 513 2322 contendunt,
526 2242 617 2307 litem
633 2244 717 2307 hanc
735 2243 867 2307 minime
879 2241 1057 2306 diremisse.
1137 2241 1194 2308 icit

174 2324 284 2390 uidem
320 2327 542 2415 Hieronymus
576 2328 609 2391 in
636 2328 782 2415 Dialogo
813 2339 927 2393 eontra
959 2326 1192 2392 Luciferianos.

149 2346 253 2559 §sod
276 2409 411 2476 Nicaeae
431 2412 565 2498 synodus
586 2435 688 2478 amnes
710 2413 871 2478 icereticas
893 2411 1036 2497 suscepit,
1058 2434 1114 2477 aec
1154 2413 1194 2477 tis

182 2495 251 2559 auli
266 2496 460 2562 Samosateni
473 2495 644 2582 discipulis.
681 2499 791 2584 Magis
807 2512 915 2564 tamen
930 2510 1024 2562 caute
1037 2498 1107 2584 agit
1153 2508 1194 2563 ue*
1245 2540 1253 2545 -

151 2581 275 2667 gustiu.
316 2581 350 2647 ui
364 2581 453 2647 iicet
469 2604 561 2646 suam
577 2584 619 2647 de
640 2583 803 2669 baptismo
825 2583 1028 2661 sententiam,
1051 2583 1196 2667 plenaria

141 2665 250 2730 -totius
273 2688 307 2729 or
326 2665 353 2730 is
374 2666 511 2745 concilio,
533 2668 659 2732 remotis
683 2667 926 2733 dubitationibus
939 2666 1132 2752 firmamur,-
1154 2690 1194 2736 ae
1272 2688 1275 2692 ’
1329 2736 1333 2747 ,

146 2749 289 2836 plenarii
303 2751 425 2816 concilii
437 2751 589 2817 sincerum
603 2764 634 2817 et
645 2752 817 2839 eliquatum
831 2775 893 2817 esse
901 2752 1066 2838 placitum,
1081 2754 1193 2819 totien-

150 2857 216 2923 que
235 2834 319 2901 orbis
341 2836 487 2900 catholici
509 2859 703 2917 consensum3
737 2860 834 2925 porro
852 2839 926 2923 jam
950 2837 982 2901 in
1005 2838 1073 2924 ipsa
1098 2838 1192 2904 totius

150 2921 264 2985 mundi
284 2921 405 2986 unitate
426 2921 608 3002 discussum,
630 2923 866 3002 consideratum,
890 2924 1075 3010 perfectura,
1100 2935 1197 3012 atque

139 3004 336 3093 fimatum
364 3018 484 3087 tamen,
504 3008 594 3094 quod
615 3022 772 3073 annotant
793 3009 1017 3087 Lovanienses,
1041 3028 1195 3096 nusquam

149 3112 253 3178 neque
274 3114 395 3171 amnem
419 3116 458 3157 ne
479 3114 517 3156 ue
542 3091 641 3157 locum
667 3092 788 3158 conscilii
809 3093 1006 3180 Augustinus
1030 3095 1193 3180 expressit.
1244 3117 1250 3124 ·

152 3174 319 3243 credetne
332 3177 448 3264 aliquis
458 3115 618 3242 iiicaenos
633 3193 740 3264 patres
755 3179 903 3243 statuisse
917 3192 954 3242 ut
968 3201 988 3242 a
1002 3201 1195 3264 quacunque

147 3259 270 3327 heresi
286 3261 329 3327 ad
349 3263 519 3328 ecclesiam
534 3263 707 3344 venientes,
728 3264 869 3348 exceptis
890 3262 979 3327 Pauli
994 3264 1195 3329 Samosateni

149 3346 296 3427 meusim,
318 3346 387 3412 sine
407 3349 522 3412 iterato
545 3349 708 3434 baptismo
728 3350 993 3415 admitterentur?
1030 3348 1196 3417 Nimirum

151 3432 380 3512 Marcionitas,
408 3433 663 3514 Valentinianos,
697 3435 877 3512 Ebionitas,
914 3433 1197 3519 Carpocratianos,

147 3517 372 3597 -Monicheos,
387 3529 421 3583 et
435 3518 592 3605 reliquam
606 3519 727 3584 lernam
743 3519 870 3606 potiore
883 3518 957 3583 loco
971 3518 1110 3597 habitos,
1126 3523 1193 3606 prae

148 3602 358 3668 Smmateni
372 3603 572 3703 sequacibus.
617 3606 698 3669 Pace
710 3604 911 3670 Balsamonis
925 3603 1061 3668 inducor
1072 3617 1109 3668 ut
1122 3626 1195 3669 cre·

152 3687 244 3766 dnm,
265 3709 333 3753 non
354 3687 486 3773 pennde
503 3710 574 3753 esee
593 3687 620 3752 si
639 3688 827 3766 mannassen)
846 3691 1117 3767 necessumst,
1138 3704 1196 3756 aut

148 3772 395 3847 edomuimus
409 3772 576 3851 dicantur;
599 3774 655 3838 sed
668 3775 817 3840 ultimam
832 3774 915 3838 hanc
929 3795 1042 3838 vocem
1057 3774 1194 3859 praedio.

148 3869 207 3924 tos
217 3870 325 3945 patres
340 3856 489 3942 elegisse,
501 3871 539 3923 ut
548 3881 662 3924 omnes
675 3860 855 3939 haeretieos,
867 3858 958 3923 Pauli
970 3861 1003 3924 in
1017 3881 1142 3924 morem
1154 3861 1197 3926 ab

149 3942 337 4009 orthodoxa
356 3941 419 4007 fide
439 3966 573 4031 quoquo
587 3944 687 4009 modo
703 3957 854 4023 errantes,
874 3943 1195 4029 comprehenderent.

150 4030 225 4115 ,cepi
236 4036 292 4092 aris
302 4028 623 4094 ammirationem
632 4030 895 4118 mgcopuydnnuspi
908 4035 1046 4115 καθολικῇ
1059 4029 1198 4117 ἐκκλησίᾳ

226 4112 394 4193 inviderat,
405 4113 646 4197 ἃναὸαπίξεσθαι
658 4115 744 4191 aderit
757 4115 919 4194 ifdnntrut.
948 4113 1077 4180 Quibus
1092 4115 1195 4180 verbis

179 4197 187 4213 '
225 4206 240 4217 ”
294 4198 423 4282 dicitur,
446 4198 503 4288 qui
520 4199 585 4267 sint
600 4221 660 4290 per
679 4201 824 4269 ecclesiae
844 4200 1016 4288 repetitum
1036 4199 1199 4288 baptisma
