2678 4756
144 300 209 372 47a
484 283 846 354 ANNOTATIONES

148 461 311 536 σωθῆναι,
326 454 380 521 εἴτι
394 455 441 538 ιο)
456 456 505 539 μή.
542 442 731 524 Porrocum
747 459 810 523 hoc
825 457 960 523 Conone
972 457 1184 524 conferendus

147 556 199 608 est
221 543 387 607 vicesimus
409 542 567 609 secundus
589 544 719 610 Consilii
732 542 766 608 in
783 542 902 621 mtto,
919 564 977 608 seu
994 543 1183 629 Qnr‘nisarti2

149 628 207 723 qui
220 629 305 696 idern
320 642 369 694 est
382 641 479 724 atque
496 629 610 697 Canon
626 650 753 697 xxvrr.
770 632 803 694 S.
816 629 926 694 Basilii
940 629 1074 716 Magni.

550 861 715 931 CANON
742 864 787 931 X.

199 1014 234 1080 P.
250 1020 320 1080 460.
344 1014 366 1080 l.
382 1029 411 1083 8.
440 1017 487 1078 ἐὰν
508 1018 548 1102 τῷ
571 1016 660 1101 αὐτῷ]
688 1014 748 1081 Vul
769 1041 784 1080 o
813 1018 859 1081 icit
884 1017 910 1081 ir
932 1020 973 1100 τῷ
999 1018 1091 1100 αὐτῷ,
1113 1013 1185 1079 dum

152 1100 314 1169 omittitur
334 1105 381 1164 ἐὰν
401 1102 433 1167 iu
454 1099 532 1167 edit.
551 1102 708 1167 Cononnm
721 1039 857 1180 Titiana,
871 1123 945 1189 quae
963 1100 1117 1187 princeps
1133 1114 1186 1164 est.

152 1187 414 1272 Praepositionem
438 1209 510 1251 vero
534 1191 560 1252 ir
583 1186 719 1273 expunxi
743 1187 803 1251 fide
825 1187 916 1251 nixus
938 1210 990 1251 sen
1009 1186 1187 1264 MStorum,

151 1272 349 1359 Joaunisque
369 1273 564 1339 Antiocheni
587 1295 662 1338 curn
685 1273 762 1343 editi
783 1289 852 1339 tum
874 1270 996 1357 scripti,
1020 1285 1094 1337 tum
1120 1295 1186 1336 vero

151 1357 263 1427 codicis
277 1359 420 1445 superius
435 1359 602 1424 memorati
616 1373 706 1434 5771.

196 1444 280 1508 Ibid.
296 1444 317 1507 l.
330 1463 362 1523 9.
383 1452 431 1508 τοῦ
452 1445 594 1531 ὑπηρέτου]
616 1443 809 1520 Subdiuconi,
827 1456 863 1506 ut
885 1442 1015 1506 monuit
1030 1442 1186 1528 Anglicus

151 1527 308 1615 interpres
322 1532 342 1594 J
345 1528 519 1611 ohnsonus,
536 1530 671 1595 testibus
685 1530 789 1595 citatis
806 1527 936 1594 Consilii
951 1527 1125 1593 Laodiceni
1139 1550 1185 1592 ca·

153 1615 289 1680 nonibus
314 1637 384 1680 xx.
398 1629 431 1682 et
453 1637 535 1681 xxr.
556 1616 689 1715 aliisque
712 1637 787 1679 mox
809 1614 1028 1701 sequentibus.
1069 1615 1126 1681 Ad
1140 1636 1187 1681 ca·

153 1722 229 1773 uon.
244 1700 347 1786 ejusd.
365 1699 481 1768 Concii.
497 1723 597 1768 xx11.
617 1717 662 1767 art
678 1703 841 1768 Zonaras:
863 1703 927 1774 Τοῖς
947 1707 1017 1783 γοῦν
1036 1701 1185 1784 ὑπηρέταις,

152 1786 210 1865 ἤτοι
225 1791 282 1862 τοῖς
295 1787 484 1866 ὐποδιοικόνοις,
497 1789 533 1855 ἐκ
548 1790 647 1868 ἐφεῖται
661 1791 746 1874 φορεῖν
760 1786 882 1874 ὥρίιριον·
904 1789 972 1848 siro
989 1789 1049 1871 γὰρ
1066 1796 1121 1848 τῶν
1134 1789 1186 1848 ira·

153 1872 236 1944 κόννον
250 1871 303 1947 iei-
332 1874 416 1941 Haec
430 1873 553 1938 interea
567 1872 766 1947 Balsamonis
781 1885 854 1939 sunt
869 1870 909 1934 ad
923 1870 1095 1936 Cauonem
1112 1871 1187 1935 hunc

106 1954 108 1959 ¹
151 1952 544 2033 Neocaesariensium—rit
559 1958 676 2046 innpire
691 1959 718 2021 ii
732 1958 811 2035 τάξιν
825 1954 1122 2036 καταὲιὲοιῶἦοοντοιι,
1137 1957 1186 2034 ἦτοι

153 2042 349 2131 ἇχειροτονῆτε
365 2045 524 2108 incircuitu
539 2043 554 2120 ἢ
570 2043 730 2130 ἀναγνώςιι.
755 2041 818 2106 Sed
831 2064 904 2129 uero
916 2041 1000 2107 inter
1013 2041 1068 2121 rig
1082 2048 1186 2130 ἀχοιςι·

152 2131 276 2207 sorianus
291 2130 523 2194 subdiaconum
538 2129 625 2194 haud
641 2143 784 2193 recenset
802 2126 1068 2192 constitutionum
1083 2131 1185 2212 Apost.

153 2215 282 2280 Auctor
296 2216 353 2280 lib.
364 2216 426 2279 viii.
443 2238 537 2301 capp.
549 2230 598 2283 21.
614 2230 646 2280 et
661 2230 710 2283 22·
724 2216 780 2305 qui
797 2213 918 2290 scribit,
936 2213 1112 2277 ὑποδιάκονον
1130 2241 1184 2299 χει·

154 2307 277 2388 paronio,
292 2298 314 2363 ὦ
329 2301 470 2382 ἐπίσκοπε,
486 2302 622 2379 ἐπιθήσεις
637 2303 676 2362 ἐπ’
692 2304 763 2364 oriri
777 2303 829 2373 τοὶς
841 2302 952 2384 χεῖρας,
964 2321 1003 2361 ac
1017 2299 1061 2362 de
1076 2300 1185 2364 lectore

154 2387 312 2459 similiter.
354 2388 456 2473 Super
477 2388 648 2457 exorcistas
670 2408 756 2466 vero,
777 2386 921 2470 aliosque
942 2386 1130 2464 nonnullos,r
1149 2384 1185 2448 si·

154 2474 224 2537 mul
245 2474 378 2537 vetitum
400 2488 449 2537 est
470 2473 535 2536 fieri
557 2495 711 2536 manuum
731 2470 968 2556 impositionem
985 2469 1019 2533 in
1036 2472 1099 2535 illis
1116 2472 1186 2534 Con·

154 2560 351 2623 stitutionem
373 2559 544 2644 capitibus,
568 2581 640 2645 quae
667 2557 811 2643 proxime
836 2570 1026 2641 sequuntur.
1076 2558 1125 2621 Ita
1144 2557 1185 2619 iu-

154 2645 248 2714 terim
262 2645 439 2730 loquuntur
462 2645 495 2708 hi
517 2658 623 2730 patres
639 2642 917 2709 Neocaesarienses
932 2641 965 2704 in
983 2643 1120 2705 Canone
1134 2662 1185 2706 suo

154 2731 252 2794 VIll.
268 2745 305 2793 ut
325 2730 391 2792 fere
409 2744 502 2815 putes
522 2753 645 2806 omnes,
661 2729 701 2792 ad
722 2749 947 2815 quamcunque
970 2729 1120 2814 ὑπηρεσίαν
1139 2749 1185 2791 ec·

155 2815 367 2880 clesiasticam
382 2817 582 2893 accesserint,
599 2815 685 2901 prius
698 2812 938 2900 χειροτονηθέντας
956 2811 1080 2893 fuisse3
1108 2810 1186 2899 quod

155 2913 263 2966 tamen
284 2901 349 2964 fieri
369 2901 456 2965 haud
479 2917 669 2966 consuetum
691 2922 772 2977 esse,
793 2921 867 2963 cum
889 2897 984 2962 multi
1007 2899 1064 2967 alii
1087 2914 1185 2966 osten·

155 2985 246 3076 dunt,
262 2999 332 3061 tum
348 3009 420 3062 vero
436 2987 469 3060 S.
483 2987 619 3061 Basilius
635 2987 687 3057 Μ.
703 2987 736 3052 iu
754 2985 873 3056 Conone
890 3004 942 3055 ω.

547 3216 711 3282 CANON
739 3216 801 3279 XI.

199 3369 283 3435 Ibid.
298 3369 321 3433 1.
337 3382 384 3433 13.
407 3367 547 3452 ἐφοντίῶη]
563 3366 733 3444 Ἐὅανιιίθη,
749 3366 836 3453 quod
851 3365 1047 3452 Beveregius
1062 3368 1187 3454 recepit,

157 3479 220 3543 ego
239 3456 341 3520 inveni
363 3454 396 3517 in
418 3465 551 3540 qtrotnor
571 3454 656 3517 codd.
672 3452 863 3530 Bodlcionis,
880 3452 992 3516 itidem
1018 3453 1051 3515 in
1074 3476 1188 3518 canone

157 3564 239 3608 xrv.
254 3539 383 3609 Consilii
396 3538 550 3614 Trultani,
565 3539 620 3602 ubi
636 3552 741 3624 patres
756 3538 803 3602 illi
818 3539 982 3601 Canonem
999 3537 1089 3602 hunc
1103 3542 1188 3604 Neo·

156 3628 375 3692 caesariensem
399 3624 611 3702 adduxerunt,
633 3646 708 3687 nam
727 3636 815 3687 extat
834 3623 951 3686 ibidem
976 3645 1039 3686 vox
1061 3623 1189 3701 ἐδαπῑίῶι

156 3730 227 3778 tum
242 3712 273 3774 in
290 3711 440 3774 omnibus
454 3710 562 3774 MStis
575 3710 666 3787 meis,
681 3722 751 3772 tum
766 3710 799 3772 in
815 3707 978 3792 impressis.
1021 3709 1110 3773 Cum
1126 3732 1191 3775 vero

158 3812 220 3863 tres
242 3797 355 3861 codices
376 3818 524 3859 cononum
547 3793 664 3879 scripti,
681 3793 776 3860 simul
794 3808 891 3878 atque
904 3794 990 3857 editu
1009 3795 1152 3860 Concilio
1165 3808 1192 3859 et

158 3886 306 3960 Curiones,
322 3884 342 3945 J
345 3904 527 3967 oannesque
542 3880 765 3945 Antiochenus
782 3881 813 3943 in
832 3881 989 3944 Cunonnrn
1001 3880 1138 3968 Digesto
1153 3883 1194 3946 al-

156 3986 256 4034 teram
282 3968 472 4053 scripturam
496 3967 548 4030 hio
573 3965 704 4052 quidem
728 3967 760 4029 in
784 3965 846 4029 hoc
872 3964 1005 4029 Canone
1030 3982 1194 4052 praestent‚

157 4055 333 4140 eademque
348 4067 434 4116 extet
452 4053 484 4116 in
500 4073 623 4116 canone
636 4051 781 4137 proxime
797 4065 959 4136 sequente,
975 4054 1151 4119 retinenda
1163 4074 1196 4116 ea

157 4142 292 4219 uidetur,
305 4162 409 4224 neque
424 4161 496 4201 oum
514 4154 640 4223 patrum
652 4139 680 4200 T
682 4136 879 4201 ruilanorum
896 4136 1034 4203 lectione
1051 4161 1199 4212 commu·

158 4227 266 4298 tanda.
311 4227 423 4293 Habet
437 4223 646 4312 τριακονταὲτης
661 4220 822 4290 iianiionro
838 4223 984 4290 cod.158.
