2678 4756
150 278 211 363 278
487 272 850 351 ANNOTATIONES

148 448 315 599 Apolopia
328 472 349 515 a
363 448 534 537 Pamphilo
549 464 647 541 atque
661 450 803 519 Eusebio
817 452 1084 541 commeneus
1097 472 1183 543 sopra

148 536 247 601 sisten
271 550 308 599 o's
321 558 391 599 esse
405 538 525 623 putavi.
565 536 755 603 Gallandius
769 548 898 603 tantmn
909 538 944 604 iu
958 552 1056 605 tomo
1068 540 1116 607 ἰν.
1126 550 1184 605 sue

149 618 354 689 Bittiotnecae
367 623 435 688 ΡΡ.
451 622 650 689 Rufinianam
665 622 750 703 libri,
764 624 821 711 qui
834 636 946 706 restat,
958 622 1132 727 Apologia
1144 624 1185 689 iu·

148 706 409 793 terpretationem
424 729 464 773 ex
478 708 619 773 editione
633 706 798 774 Delaruaei
814 730 880 775 una
898 724 979 775 cum
1000 722 1090 775 nous
1108 708 1186 775 e‘us'·

149 792 224 857 dem
253 792 458 879 desumptam
485 792 655 859 collocavit
667 816 678 873 3
707 792 798 880 quod
825 792 960 881 quidem
987 816 1033 883 op
1129 800 1187 873 uui,

149 898 228 965 egre
253 877 321 942 'um
343 877 420 942 licet
437 878 636 979 antiquitatis
654 886 915 961 monumentum,
928 892 1069 969 propter
1085 900 1187 945 ceusu

141 962 216 1053 'jam
254 962 333 1028 ictas
368 964 545 1028 retermisr.

159 1098 174 1121 ,
194 1048 228 1111 Ρ.
246 1054 317 1127 269.
340 984 410 1124 ll7.
439 1048 637 1130 habuerunt]
663 1048 747 1113 Haec
772 1047 928 1115 Auctoris
953 1046 1188 1129 Praedentrati,

148 1130 242 1221 cujus
255 1132 387 1219 quidem
402 1132 520 1199 librum
536 1133 622 1198 ambi
671 1154 699 1197 ae
710 1131 784 1198 fidei
794 1132 920 1233 primus
935 1133 1046 1199 edidit
1056 1134 1188 1201 Jaoobu

149 1217 352 1298 Sirmondus,
367 1231 481 1304 utpote
501 1218 608 1283 minus
650 1240 730 1297 rma,
743 1218 864 1283 ultimo·
880 1218 959 1285 loco
980 1220 1093 1307 posui.
1134 1216 1189 1283 Sed

148 1303 233 1369 enim
248 1304 345 1367 etiam
361 1302 441 1367 illud
455 1303 614 1368 incertum
629 1318 690 1382 est,
704 1302 792 1390 quod
806 1303 908 1368 etalii
922 1302 1188 1371 suctores-tnd-

148 1388 278 1467 derunt,
304 1387 344 1452 de
368 1388 576 1474 corruptione
603 1388 759 1453 librorum
781 1388 959 1491 origenis}
987 1389 1073 1477 quin
1098 1390 1189 1455 immo

149 1474 330 1573 antiquitati
351 1495 480 1559 prorsus
499 1474 604 1559 ignoti
622 1488 697 1538 sunt
717 1472 784 1538 duo
802 1473 856 1539 ists
876 1474 1028 1540 haeretici
1049 1470 1189 1563 Origen'n

148 1580 281 1623 nomme
295 1558 456 1645 appellati.
496 1560 592 1624 Alius
638 1558 745 1623 uidem
768 1557 869 1625 homo
888 1580 932 1625 co
959 1559 1108 1627 nominis
1126 1560 1189 1641 luit,

149 1644 236 1712 illius
252 1644 356 1709 aetatis
372 1666 436 1731 qua
450 1644 520 1731 ipse
534 1656 603 1709 erat
650 1644 789 1731 rigenea,
803 1644 859 1709 sed
873 1582 1111 1733 philosophtu.

193 1732 324 1795 Exus'u
349 1749 425 1794 cum
447 1730 480 1795 in
501 1729 719 1816 Stephaniana
736 1742 807 1794 tum
829 1728 862 1793 in
883 1730 1003 1795 multis
1021 1730 1098 1797 aliis
1113 1728 1189 1797 Nori

148 1815 348 1881 Testamenti
371 1814 565 1880 editionibus
586 1813 735 1893 Ἔκθεσις,
756 1815 821 1879 sive
845 1814 1021 1899 Expositio
1052 1814 1188 1903 Cupitum

151 1902 286 1966 Aetnam
301 1898 530 1984 Apostolorum,
546 1900 639 1988 cujus
661 1898 846 1987 Pamphilus
861 1902 1129 1989 Martyrauctor
1140 1898 1188 1965 de·

149 1986 174 2051 si
201 2000 295 2051 natur
315 1988 346 2050 in
369 1986 482 2050 codice
502 1998 628 2051 vetusto
649 1983 810 2050 Actorum
833 1996 868 2050 et
887 1984 998 2073 Epist.
1024 1984 1189 2053 OstbuLe

192 2072 390 2136 ontfaueono
412 2071 454 2136 ad
477 2092 552 2157 pag.
565 2086 615 2147 75.
631 2069 834 2135 Bibliothecae
856 2067 1073 2137 Ooislinionoe
1091 2078 1189 2137 reben-

149 2156 226 2223 sito.
274 2158 392 2244 Neque
415 2156 542 2221 dubitat
564 2155 651 2220 idem
677 2156 723 2221 vir
745 2154 998 2237 eruditissimus,
1024 2156 1189 2245 quin'hec

149 2242 255 2328 opella
269 2263 342 2305 vere
356 2242 454 2306 fuerit
473 2240 632 2327 Pamphili
654 2241 829 2341 Martyris3
852 2240 1057 2307 assentiente
1069 2252 1189 2331 quoquc

149 2326 331 2391 Fontanino
355 2328 387 2390 in
413 2326 500 2392 Hist.
527 2326 594 2390 Lit.
615 2324 822 2413 Aquileiensi,
842 2324 900 2391 lib.
913 2350 945 2391 v.
967 2346 1050 2416 cap.
1065 2342 1095 2393 5.
1118 2328 1186 2411 §.a

148 2434 182 2499 p.
197 2426 267 2491 259.
288 2425 364 2497 post
389 2412 512 2489 initam,
536 2424 573 2476 ut
597 2412 653 2491 air,
682 2410 899 2497 Expositlonis
923 2432 1008 2477 cum
1031 2412 1171 2501 Apol*

148 2497 436 2584 comparationem,
452 2497 528 2560 licet
542 2497 651 2575 latina,
668 2508 706 2560 ut
726 2498 794 2583 ipse
814 2496 904 2576 dicit,
919 2508 1058 2563 tantmn
1072 2498 1187 2585 Apuo·

147 2584 211 2668 giae
230 2582 331 2647 versio
351 2596 450 2646 extet.
496 2583 560 2646 Sed
580 2583 621 2646 cl.
637 2583 722 2644 Zaca
769 2581 829 2659 ius,
851 2580 908 2668 qui
930 2582 964 2645 in
990 2580 1188 2649 Collectt'tneit

148 2670 333 2733 ornament
339 2715 346 2730 .
364 2668 428 2730 Vet.
440 2690 479 2731 ea·
492 2666 683 2730 Bibliotheca
699 2602 799 2731 lille.
811 2666 853 2731 ad
865 2687 944 2753 pag.
953 2679 1033 2733 428.
1047 2688 1186 2735 urracum

147 2753 310 2817 nonnullis
330 2752 473 2816 Euthalii
489 2752 638 2839 AEgyptii
653 2751 814 2838 opusculis
829 2751 913 2815 hanc
929 2752 1084 2819 ediderat
1098 2774 1187 2841 expo·

148 2838 310 2914 sitionem,
326 2836 428 2922 ipsam
446 2859 575 2924 quoque
591 2836 695 2901 eidem
711 2836 863 2901 Euthalio
877 2837 1050 2903 attribuit.
1089 2838 1187 2939 Atqoe

149 2943 220 2986 eam
236 2922 378 2986 Euthalii
393 2942 473 3001 essc,
488 2923 544 3009 qui
558 2922 690 3007 quidem
706 2922 815 2987 floruit
834 2921 945 2988 medio
963 2924 1094 2990 sae'culo
1127 2944 1186 2988 utu·

147 3020 196 3085 to,
212 3008 413 3072 sentiendum
430 3030 500 3073 esse
514 3009 559 3071 ait
572 3007 773 3073 Wetstenius
792 3018 926 3092 propter
940 2946 1186 3097 subscriptiones
1222 3086 1225 3091 Ι

148 3092 287 3157 duorum
310 3093 459 3157 codicum
482 3093 784 3178 manuscriptorum,
799 3113 939 3192 quorum
964 3093 1184 3179 unusestepi·

148 3176 305 3246 stolarum
328 3177 429 3255 Pauli,
445 3177 524 3242 alter
539 3178 684 3242 Actuum
706 3190 739 3241 et
760 3176 987 3263 Epistularum
1011 3178 1184 3246 Catholica-

148 3284 242 3341 rum;
266 3262 339 3325 iude
354 3262 439 3326 enim
456 3276 563 3327 ortum
579 3284 649 3326 esse
663 3283 802 3327 errorem
816 3260 1044 3345 librariorum,
1056 3266 1112 3353 qui
1123 3276 1183 3330 cum

144 3346 299 3432 legerint,
315 3347 357 3410 ab
381 3346 534 3413 Euthalio
556 3347 702 3413 codicem
725 3346 806 3411 sacri
827 3358 947 3426 textus,
990 3349 1029 3416 ui
1044 3346 1185 3437 Pamphili
1223 3398 1225 3403 .

147 3433 255 3510 fuerit,
270 3432 456 3497 consultum
470 3432 580 3512 fuisse,
596 3445 701 3496 totum
716 3431 835 3495 librum
856 3370 1010 3501 Euthalri
1031 3432 1184 3523 pampulo

148 3531 301 3601 tauquam
314 3518 432 3582 notiori
443 3518 679 3603 adscripserint.
694 3515 964 3583 VideWetstenii
976 3520 1072 3587 Prol'
1119 3538 1182 3585 mm.

148 3601 191 3665 ad
205 3600 284 3665 Non.
301 3603 384 3666 Test.
399 3623 431 3688 p.
445 3614 494 3678 75.
525 3603 632 3667 Modo
647 3614 754 3666 autem
769 3614 936 3666 auctorem
952 3540 1185 3689 reveraehbbe}

149 3684 355 3771 Pamphilum
370 3686 536 3772 Expositio
552 3687 623 3767 ista,
640 3686 793 3751 credibile
813 3706 883 3750 esse
904 3700 1009 3787 putat
1022 3690 1069 3758 ci.
1079 3692 1183 3755 Ernes-
1223 3732 1225 3745 ·

147 3771 212 3836 tius
228 3770 335 3835 Instit.
347 3772 463 3856 interp.
477 3772 559 3837 Novi
572 3774 655 3837 Test.
669 3784 752 3860 part.
766 3772 813 3835 ΙΙ.
829 3790 900 3857 cap.
910 3794 934 3836 1.
981 3821 991 3837 .
1006 3787 1058 3853 17.
1071 3784 1139 3840 aaut
1150 3770 1184 3837 ab

148 3850 314 3934 Euthalio,
329 3856 407 3920 dum
430 3857 463 3921 in
484 3857 683 3923 bibliotheca
697 3856 889 3923 Caesariensi
905 3877 947 3922 oo
974 3860 1063 3926 'cem
1080 3860 1184 3927 naon·-

116 4009 119 4015 ,
147 3941 215 4019 bat,
230 3939 438 4026 desumptum
453 3954 487 4007 et
527 3965 563 4007 ro
577 3966 637 4008 suo
652 3940 849 4007 venditatum
862 3962 947 4007 esse.
994 3946 1052 4011 Ne
1096 3956 1187 4011 trem

146 4026 181 4089 S.
197 4026 420 4113 Hieronymus
439 4026 471 4091 in
522 4028 640 4113 pistolo
655 4028 698 4093 od
711 4026 950 4092 Pomanooltlnm
969 4028 1012 4094 de
1064 4026 1184 4095 nanto

150 4110 295 4197 Origenis
309 4133 417 4175 versus
432 4111 539 4191 finem,
557 4113 636 4179 dum
649 4111 886 4199 Apologetienm
903 4133 923 4176 a
940 4114 1066 4183 Ru'fiu'o
1080 4114 1182 4203 partim

147 4214 274 4266 tersum
290 4206 537 4278 commemorat,
551 4198 723 4286 quodlibet
742 4196 908 4287 scripsisse
928 4212 1020 4291 op'u's
1042 4196 1179 4291 Pamphi·
