2678 4756
291 264 507 335 CONGIL.
537 266 803 335 CARTHAG.
826 269 889 336 =1v.
1069 270 1111 339 81-

63 436 240 526 episcopus
261 436 426 525 deligatur
447 437 542 524 plebe
563 452 732 525 praesente,
753 462 827 526 quae
847 440 1050 528 singulorum
1063 439 1114 517 vi}
1138 505 1140 508 ,

64 562 133 613 tam
149 546 333 636 plenissime
349 548 438 613 novit
452 561 486 614 et
499 549 753 636 uniuscujusque
767 562 878 615 actum
892 550 933 614 de
948 551 1017 638 ejus
1029 572 1109 616 con·

63 655 242 744 versatione
262 655 434 746 perspexit.
479 655 581 723 Quod
603 669 637 721 et
657 656 744 743 apud
758 681 814 724 vos
828 659 952 725 factum
966 658 1111 725 videmus
1140 668 1146 681 '

62 764 97 830 in
119 766 231 830 Sabini
253 767 391 852 collsgae
415 766 515 832 nostri
532 765 747 852 ordinatione,
761 782 799 834 ut
818 767 859 833 de
877 770 1030 834 universae
1044 770 1110 853 frn-

36 881 222 965 ¹&temitatis
248 882 414 967 suffragio,
427 894 461 947 et
485 880 526 945 de
552 882 780 968 episcoporum
805 882 862 969 qui
884 881 918 947 in
940 880 1112 969 praesentia

62 1008 291 1072 convenerant,
306 994 427 1080 quique
442 993 483 1058 de
497 1015 537 1057 eo
552 992 594 1057 ad
608 1015 663 1057 vos
677 992 801 1058 litteras
816 993 969 1072 fecerant,
983 991 1110 1080 jndicio

61 1103 268 1190 episcopatus
287 1105 319 1169 ei
339 1103 515 1183 deferretur
534 1118 567 1167 et
589 1125 704 1168 manus
726 1102 756 1168 ei
775 1103 810 1168 in
830 1103 940 1167 locum
958 1101 1109 1167 Basilidis

61 1210 295 1298 imponeretur.
338 1215 412 1278 Nec
433 1212 613 1277 rescindere
634 1211 868 1276 ordinationem
886 1210 962 1297 jure
983 1210 1109 1296 perfec-

19 1308 23 1323 ’
62 1333 130 1387 tam
158 1333 267 1407 potest
292 1320 381 1407 quod
406 1321 563 1386 Basilides
588 1333 665 1407 post
687 1319 823 1385 crimina
848 1342 907 1385 sua
928 1321 1056 1393 detecta
1077 1333 1111 1386 et

19 1448 56 1505 to
63 1430 294 1510 conscientiam
309 1432 408 1495 etiam
422 1432 552 1517 propria
570 1431 770 1495 confessione
792 1430 946 1495 nudatam
971 1431 1109 1495 Romam

61 1560 201 1625 pergens
221 1539 421 1626 Stephanum
443 1541 605 1628 collegam
628 1554 775 1604 nostrum
795 1540 893 1626 longe
912 1541 1057 1626 positum
1075 1551 1111 1605 et

60 1661 165 1734 gestae
180 1649 225 1712 rei
239 1671 277 1712 ac
292 1649 433 1714 veritatis
452 1650 600 1735 ignarum
609 1649 741 1730 'fefellit
756 1661 793 1713 ut
807 1649 984 1714 exambiret
992 1649 1110 1735 'reponi

60 1778 96 1820 se
118 1756 239 1844 injuste
258 1757 292 1822 in
311 1758 534 1844 episcopatum
559 1758 599 1822 de
622 1781 687 1845 quo
710 1759 815 1826 fuerat
832 1758 907 1845 jure
923 1757 1108 1845 depositus.

61 1864 140 1943 Hoc
154 1887 195 1930 eo
210 1850 349 1952 pertinet
371 1880 409 1932 ut
431 1867 579 1933 Basilidis
604 1889 668 1931 non
693 1882 758 1931 tam
785 1866 907 1933 abolita
927 1867 991 1932 sint
1009 1888 1109 1957 quam

15 1988 51 2055 ts
59 1975 229 2039 cumulata
243 1974 372 2056 delicta,
384 1990 421 2042 ut
436 1975 479 2041 ad
493 1975 658 2063 superiora
671 1989 804 2062 peccata
819 1975 890 2063 ejus
905 1975 1001 2041 etiam
1015 1976 1109 2041 falla·

60 2085 121 2149 ciae
144 2097 179 2148 et
199 2085 478 2161 circumventionis
500 2088 621 2151 crimen
643 2084 823 2161 accesserit.
880 2086 999 2171 Neque
1020 2085 1108 2151 enim

59 2208 131 2261 tam
146 2193 325 2280 culpandus
338 2208 387 2259 est
401 2195 456 2261 ille
470 2194 523 2261 cui
538 2194 740 2282 negligenter
755 2194 928 2279 obreptum
944 2205 993 2258 est
1008 2215 1107 2281 quam

58 2301 120 2383 hic·
131 2303 328 2368 execrandus
350 2305 406 2391 qui
425 2303 646 2370 fraudulenter
667 2303 822 2390 obrepsit.
866 2303 1033 2388 Obrepere
1047 2325 1108 2368 au·

34 2434 39 2443 ·
60 2425 131 2479 tem
152 2413 181 2479 si
199 2413 387 2479 hominibus
403 2413 561 2481 Basilides
581 2413 700 2500 potuit,
715 2413 791 2478 Deo
813 2434 878 2477 non
896 2423 1016 2497 potest,
1031 2433 1108 2477 cum

10 2538 52 2591 Ιο
61 2521 219 2609 scriptum
234 2522 295 2588 sit:
319 2524 428 2589 ²Deus
443 2547 504 2588 non
518 2523 686 2602 deridetur.
732 2521 796 2586 Sed
811 2542 870 2586 nec
887 2520 1032 2587 Martiali
1042 2543 1108 2608 po·

60 2643 129 2697 test
144 2632 305 2717 profuisse
322 2633 528 2720 fallaciaque
544 2618 650 2696 minus
666 2633 733 2719 ipse
747 2653 876 2718 quoque
890 2631 1016 2696 delictis
1030 2652 1106 2718 gra·

58 2740 154 2805 vibus
168 2741 332 2807 involutus
347 2742 570 2829 episcopatum
586 2753 693 2806 tenere
709 2763 773 2806 non
787 2740 914 2820 debeat,
929 2739 1060 2827 quando
1074 2752 1109 2806 et

58 2850 229 2938 apostolus
252 2864 384 2917 moneat
404 2866 439 2917 et
461 2852 568 2917 dicatz
598 2849 819 2936 ³Ept'seopunt
831 2861 948 2936 oportet
964 2872 1028 2917 esse
1041 2849 1108 2914 sina

58 2957 200 3039 crimine,
215 2958 307 3047 quasi
319 2959 384 3026 Dei
398 2959 650 3045 dispensatorem.
695 2947 903 3047 Quapropter
917 2981 1005 3038 cum,
1023 2959 1108 3024 sicut

10 3087 47 3141 ts
58 3067 243 3154 scripsistis,
256 3069 370 3135 fratres
384 3069 596 3150 dilectissimi,
611 3080 646 3133 et
668 3082 705 3134 ut
725 3069 815 3134 Felix
828 3080 863 3133 et
883 3069 1021 3133 Sabinus
1036 3066 1107 3132 eol·

56 3175 146 3263 legae
165 3177 266 3242 nostri
281 3190 471 3259 asseverant,
485 3192 587 3266 utque
600 3177 682 3243 alius
697 3177 787 3242 Felix
800 3174 1106 3262 de'Caesaraugusta
1187 3174 1192 3201 ¹

58 3270 134 3350 fidei
146 3285 255 3369 cultor
268 3308 306 3351 ac
322 3286 473 3353 defensor
488 3287 626 3352 veritatis
640 3287 755 3352 litteris
772 3286 837 3353 suis
852 3286 1024 3373 significat,
1040 3286 1106 3350 Ba·

55 3393 170 3477 silides
180 3407 215 3461 et
226 3395 388 3462 Martialis
403 3396 542 3461 nefando
558 3395 751 3462 idololatriae
766 3394 877 3460 libello
891 3394 1105 3463 contaminati

56 3505 306 3587 sint,Bas‚ilides
320 3506 426 3583 adhuc
439 3508 580 3596 insuper,
593 3524 710 3596 praeter
725 3507 826 3574 libelli
841 3509 1013 3590 maculam,
1027 3531 1104 3577 cum

10 3615 90 3697 toln
103 3613 292 3680 infirmitate
305 3615 526 3699 decumberet,
541 3617 575 3680 in
595 3616 704 3682 Deum
727 3617 999 3703 blasphemaverit
1016 3632 1051 3687 et
1070 3640 1104 3684 se

55 3723 301 3812 blasphemasse
315 3726 481 3792 confessus
496 3727 549 3808 sit,
565 3741 598 3792 et
614 3725 835 3814 episcopatum
856 3749 915 3813 pro
935 3727 1104 3807 conscien·
1156 3739 1163 3754 “

55 3833 112 3900 tire
123 3855 192 3913 pute
202 3835 332 3915 uulnere
343 3847 459 3923 sponte
471 3835 635 3923 deponens
649 3836 691 3899 ad
707 3835 866 3922 agendam
879 3836 1104 3922 poenitentiam

54 3963 230 4024 conversus
244 3943 299 4023 sit,
312 3944 423 4010 Deum
447 3943 634 4031 deprecans,
653 3957 686 4010 et
710 3929 786 4010 satis
808 3945 974 4032 gratulans
994 3946 1022 4013 si
1042 3945 1104 4025 sibi

318 4175 485 4232 secvta
704 4173 846 4230 -suta

96 4267 192 4339 von.
210 4269 273 4317 ur.
585 4272 610 4317 c
