2678 4756
256 291 309 358 uu
330 290 364 356 s.
387 289 607 358 coruum
631 284 930 359 emensum.
1071 296 1113 381 ⁶5

56 484 165 539 σαντν,
188 459 235 540 καὶ
259 463 327 550 oapi
351 466 388 525 τῢ
414 466 477 526 Qui
503 462 686 526 διδασκαλίαν
711 464 904 542 &sacratiora
930 465 1114 544 ἐπεισκυκλῆ-

60 569 161 625 σαντν·
185 548 233 608 καί
251 550 299 610 τὸν
315 547 493 635 χρηςίσατον
518 548 617 630 Κύρνον
637 556 710 629 ἡμῶν
726 551 831 624 Ἰησοῦν
846 552 948 633 Χρνςόν
962 552 996 623 νίς
1013 554 1113 626 amasii

61 637 283 712 συιοφαντὲντν.
321 635 518 718 Ιῑνιιφιοῳιε
534 634 694 697 allocutus
709 648 759 696 est
774 635 878 720 ipsum
894 635 1112 699 Novatianum

65 717 158 781 idem
179 718 226 780 vir
245 734 386 796 sanctus
404 719 544 793 Διονύσιος
564 722 688 803 Νσνασῷ
713 723 894 804 (Ναυατνανῷ
918 721 1011 783 aliter
1034 720 1109 805 leg·

63 804 136 882 tur)
152 806 193 888 τῷ
211 806 321 889 ἀδελφῷ
339 804 462 890 χαίρειν.
496 809 532 866 Εἰ
553 802 628 866 ἄκων
643 806 678 878 ὡς
692 809 740 883 φὴς
754 806 856 890 ἤχθης,
872 805 963 882 δείξεις
978 809 1024 867 ἐὰν
1040 809 1112 867 ἂνα-

61 888 292 973 χανρῆσῃς.δκα’νν·
317 889 365 953 ἔδει
379 891 431 971 μὲν
445 893 503 974 γὰρ
520 890 568 951 καί
581 896 636 950 πᾶν
652 894 726 952 itatis
743 895 853 967 παθεῖν,
869 893 933 976 ὑπὲρ
948 897 985 950 τῦ
999 895 1036 970 μὴ
1052 894 1113 952 δια·

66 973 157 1052 stipat
170 979 218 1052 τὴν
233 975 385 1052 ἐκκλησίαν
399 979 435 1037 τῦ
452 977 619 1038 (isi—nal
634 983 676 1056 νῦν
689 977 717 1037 δὲ
734 981 755 1037 εἰ
770 975 887 1038 arelacta
903 975 917 1052 ἢ
933 977 1048 1055 βιάσανσ
1063 975 1114 1051 τίς

63 1058 190 1136 atussa
205 1065 241 1134 εἰς
254 1061 379 1142 ὁμόνοιαν
392 1063 495 1139 ἐλθεῖν,
507 1062 599 1142 μεῖξον
614 1059 673 1136 ἔςαν
688 1087 732 1125 σοι
747 1069 795 1124 τοῦ
811 1063 979 1142 σφάλματος
993 1063 1024 1124 τὸ
1040 1088 1115 1124 κατ·

64 1143 196 1229 ὄρθαμα.
221 1146 342 1209 Euseb.
360 1145 399 1208 vi.
414 1159 465 1209 45.
511 1145 563 1226 De
585 1147 768 1210 Novatiano
792 1162 899 1210 autem
924 1147 1113 1209 Cornelium

63 1229 258 1295 criminante
286 1232 473 1295 Pearsonius
500 1231 573 1294 loco
598 1231 695 1314 paulo
723 1253 819 1316 supra
844 1247 1115 1309 commemorate,

65 1314 128 1378 sed
150 1316 192 1392 ad
213 1317 243 1398 ᾗ.
260 1315 311 1379 vii.
339 1317 408 1380 haec
431 1316 561 1392 scribit3
585 1315 755 1379 “Interim
781 1317 980 1380 Novatianus
1002 1330 1116 1380 contra

64 1407 89 1438 “
107 1400 341 1465 ordinationem
359 1401 502 1465 Cornelii
518 1414 628 1486 aperte
643 1401 829 1486 disputavit,
843 1423 980 1486 eamque
994 1417 1030 1464 ut
1045 1401 1116 1464 ille·

61 1492 89 1523 “
103 1485 254 1571 gitimam
271 1488 399 1571 publice
415 1487 554 1550 traduxit
567 1501 599 1549 et
614 1487 770 1572 abrogare
785 1500 919 1550 conatus
933 1501 992 1550 est.
1015 1487 1116 1572 Quod

64 1578 88 1609 “
108 1583 146 1633 ut
170 1571 347 1656 perliceret,
373 1573 475 1635 multa
497 1572 649 1634 Cornelio
672 1572 731 1656 ipsi
758 1572 896 1635 nefanda
918 1571 1050 1658 objecit,
1074 1571 1115 1634 li-

62 1663 89 1696 “
106 1657 268 1742 brumque
292 1657 550 1720 acerbationibus
577 1657 755 1720 criminosis
783 1659 914 1742 plenum
943 1658 1114 1742 evulgavit,

64 1747 89 1779 “
105 1743 268 1826 praecipue
291 1742 337 1805 illi
358 1743 491 1805 minime
512 1764 532 1805 a
552 1743 706 1827 quopiam
722 1742 1030 1806 communicandum
1046 1765 1117 1807 esse
1166 1816 1168 1820 ,
1244 1828 1247 1835 Ι

64 1833 89 1864 “
106 1825 239 1904 docens,
255 1827 432 1912 quodcum
449 1827 547 1912 lapsis
562 1828 825 1891 communionem
844 1827 1009 1890 haberet.'’

114 1910 149 1973 P.
168 1924 215 1986 17.
233 1911 317 1975 tia.
339 1912 462 1976 litteras
483 1933 562 1997 quas
585 1912 769 1996 attulerant]
789 1915 819 1977 A
839 1914 1014 1976 Fortunato
1036 1913 1115 1975 mis-

64 2017 132 2072 sas,
147 1997 204 2080 qui
225 2019 245 2060 a
263 1997 477 2061 schismaticis
493 1998 648 2084 Cypriani
664 1997 738 2060 loco
754 1998 925 2083 episcopus
942 1996 1115 2082 Carthagi-

65 2081 188 2144 niensis
198 2083 400 2146 -constitutus
415 2083 529 2146 fuerat.
629 2104 718 2145 erum
736 2083 888 2145 Baluzius
903 2082 1036 2146 editioni
1049 2105 1116 2146 suae

117 2166 236 2250 priori,
253 2168 294 2230 ad
309 2189 384 2254 pag.
402 2175 469 2244 167.
486 2081 757 2255 aliaUandam
773 2167 909 2231 Cornelii
924 2168 966 2231 ad
980 2168 1115 2253 Cypriu-

24 2167 147 2314 ¹*esayas
170 2252 336 2335 epistolum
362 2275 522 2318 unacum
545 2250 664 2316 duobus
689 2253 883 2338 Cyprianicis
911 2253 1028 2351 adjecit
1042 2253 1118 2329 ;·ait

69 2356 157 2414 vere,
175 2336 260 2400 nolle
284 2361 318 2401 se
342 2354 493 2424 praestare
517 2338 574 2401 has
597 2354 661 2401 tres
683 2337 836 2422 epistolas
858 2360 1014 2422 genuinas
1036 2360 1117 2415 esse,

67 2434 201 2505 putasse
215 2436 322 2486 autem
341 2423 458 2487 debere
474 2445 508 2487 se
524 2422 595 2486 illas
608 2424 715 2500 edere,
730 2425 805 2522 quia
821 2428 998 2486 reserantur
1013 2425 1044 2486 in
1061 2446 1118 2486 co·

42 2570 46 2575 ,
66 2504 198 2569 dicibus
214 2508 406 2593 quibusdam
425 2508 584 2573 veteribus
600 2510 634 2570 S.
650 2508 816 2594 Cypriani.
846 2509 990 2591 Epistola
1008 2523 1117 2572 autem

66 2612 144 2676 quae
160 2591 315 2656 Cornelio
337 2594 503 2680 supposita
524 2606 586 2672 est,
609 2615 757 2656 sermone
776 2593 826 2656 vix
846 2594 964 2658 Latino
979 2594 1118 2682 Cypria·

68 2698 148 2739 num
163 2675 297 2762 sugillat
311 2692 442 2764 propter
456 2678 645 2751 sententiam
658 2678 728 2764 ejus
743 2678 783 2742 de
797 2679 1021 2743 haereticorum
1039 2679 1119 2764 bap·

69 2761 182 2826 tisino.
204 2766 228 2802 “
238 2762 447 2827 Manifestarn
461 2763 581 2828 fraudis
593 2777 628 2826 et
643 2763 801 2828 mendacii
817 2778 925 2827 notam
941 2786 1006 2847 prae
1022 2785 1056 2826 se
1071 2765 1119 2826 fe·
1163 2762 1164 2767 ’

66 2853 93 2886 “
108 2846 217 2923 rens,”
236 2847 283 2910 ait
307 2847 496 2912 Prudentius
519 2851 675 2911 Maranus
695 2850 727 2911 in
746 2848 778 2912 V
775 2849 811 2911 it.
828 2849 862 2912 S.
881 2848 1033 2935 Cypriani
1048 2847 1117 2912 edi·

68 2929 152 2995 tioni
167 2930 352 2997 Baluzianae
368 2933 544 3018 praemissa,
560 2933 715 3081 “quippe
733 2956 808 2997 cum
829 2933 912 2998 hanc
930 2948 1116 2997 controver-

67 3023 91 3055 “
107 3017 189 3080 siam
204 3017 267 3080 sub
282 3018 435 3082 Cornelio
452 3035 558 3081 natam
582 3040 645 3081 non
684 3019 778 3096 uisse,
794 3040 831 3083 ac
850 3042 1009 3085 summam
1031 3041 1117 3082 sem·

65 3107 165 3186 “per
184 3104 428 3167 consensionem
446 3103 632 3167 Cornelium
652 3103 735 3167 inter
749 3118 781 3168 et
799 3104 999 3190 Cyprianum
1014 3104 1116 3168 inter·

67 3194 92 3225 ‘⁴
108 3185 242 3250 cessisse
257 3188 417 3257 constet.”
438 3210 471 3273 p.
489 3203 554 3252 125.
590 3189 622 3250 A
639 3189 833 3253 Constantio
869 3211 975 3289 noque
997 3189 1027 3251 in
1045 3189 1116 3273 Ap·

68 3269 206 3357 pendice
223 3272 264 3336 ad
283 3271 446 3358 Epistulas
460 3272 548 3337 Rom.
563 3273 685 3359 Pontif.
706 3295 779 3358 quae
800 3213 978 3337 adiilterma
999 3274 1118 3358 scripta

63 3356 312 3441 complectitur,
327 3360 469 3444 reposita
482 3371 543 3422 est.
588 3359 756 3423 Nonnulla
772 3360 893 3422 interea
907 3359 1064 3443 opuscula
1076 3380 1117 3423 ex

66 3438 145 3516 illis,
159 3463 234 3525 quae
250 3441 295 3506 ad
313 3443 407 3506 linem
425 3441 458 3507 S.
474 3442 628 3530 Cypriani
644 3443 797 3509 collocari
813 3445 927 3517 solent,
944 3444 1039 3508 scribi
1054 3466 1121 3529 po·‚

66 3524 171 3589 tuisse
187 3545 208 3588 a
230 3525 394 3604 Cornelio,
410 3527 556 3592 nonnulli
571 3529 803 3594 existimarunt.
828 3529 913 3594 Vide
925 3529 1116 3594 Tillemont.

68 3608 175 3674 Man.
189 3621 272 3676 tom.
286 3611 332 3676 iit
346 3613 388 3678 ad
400 3613 457 3683 liu.
475 3614 508 3679 S.
523 3612 671 3700 Cornelii,
687 3637 718 3700 p.
734 3629 803 3685 208.
820 3615 897 3680 edit
914 3613 1041 3680 Bruxel.
