<?xml version="1.0" encoding="UTF-8"?>
<!DOCTYPE html PUBLIC "-//W3C//DTD XHTML 1.0 Transitional//EN"
    "http://www.w3.org/TR/xhtml1/DTD/xhtml1-transitional.dtd">
<html xmlns="http://www.w3.org/1999/xhtml" xml:lang="en" lang="en">
 <head>
  <title>
</title>
<meta http-equiv="Content-Type" content="text/html;charset=utf-8" />
  <meta name='ocr-system' content='tesseract 3.04.00' />
  <meta name='ocr-capabilities' content='ocr_page ocr_carea ocr_par ocr_line ocrx_word'/>
</head>
<body>
  <div class='ocr_page' id='page_1' title='image "./reliquiaesacrae11routgoog_0490.png"; bbox 0 0 2678 4756; ppageno 0'>
   <div class='ocr_carea' id='block_1_1' title="bbox 188 268 1094 354">
    <p class='ocr_par' dir='ltr' id='par_1_1' title="bbox 188 268 1094 354">
     <span class='ocr_line' id='line_1_1' title="bbox 188 268 1094 354; baseline -0.003 -12"><span class='ocrx_word' id='word_1_1' title='bbox 188 270 241 344; x_wconf 89' lang='lat' dir='ltr'><em>IN</em></span> <span class='ocrx_word' id='word_1_2' title='bbox 263 270 473 342; x_wconf 85' lang='lat' dir='ltr'><strong>CONCILII</strong></span> <span class='ocrx_word' id='word_1_3' title='bbox 496 269 704 340; x_wconf 81' lang='lat' dir='ltr'><em>NEOCAES.</em></span> <span class='ocrx_word' id='word_1_4' title='bbox 728 268 964 344; x_wconf 78' lang='lat' dir='ltr'><strong>CANONES.&#39;</strong></span> <span class='ocrx_word' id='word_1_5' title='bbox 1028 277 1094 354; x_wconf 82' lang='lat'><em>477.</em></span> 
     </span>
    </p>
   </div>
   <div class='ocr_carea' id='block_1_2' title="bbox 36 442 1110 2930">
    <p class='ocr_par' dir='ltr' id='par_1_2' title="bbox 36 442 1110 2930">
     <span class='ocr_line' id='line_1_2' title="bbox 54 442 1094 536; baseline -0.009 -20"><span class='ocrx_word' id='word_1_6' title='bbox 54 443 131 528; x_wconf 81' lang='lat' dir='ltr'><em>ttlis,</em></span> <span class='ocrx_word' id='word_1_7' title='bbox 147 447 203 536; x_wconf 90' lang='lat' dir='ltr'><em>qui</em></span> <span class='ocrx_word' id='word_1_8' title='bbox 219 470 239 512; x_wconf 90' lang='lat' dir='ltr'><em>a</em></span> <span class='ocrx_word' id='word_1_9' title='bbox 254 448 400 533; x_wconf 85' lang='lat' dir='ltr'><em>Philippo</em></span> <span class='ocrx_word' id='word_1_10' title='bbox 415 444 570 531; x_wconf 87' lang='lat' dir='ltr'><em>baptizati</em></span> <span class='ocrx_word' id='word_1_11' title='bbox 583 454 713 529; x_wconf 31' lang='lat' dir='ltr'><em>essent..</em></span> <span class='ocrx_word' id='word_1_12' title='bbox 741 442 829 508; x_wconf 87' lang='lat' dir='ltr'><em>Ante</em></span> <span class='ocrx_word' id='word_1_13' title='bbox 836 455 914 509; x_wconf 83' lang='lat' dir='ltr'><em>&#39;sero</em></span> <span class='ocrx_word' id='word_1_14' title='bbox 928 443 988 509; x_wconf 88' lang='lat' dir='ltr'><em>hos</em></span> <span class='ocrx_word' id='word_1_15' title='bbox 1002 462 1094 509; x_wconf 82' lang='lat' dir='ltr'><em>com·</em></span> 
     </span>
     <span class='ocr_line' id='line_1_3' title="bbox 54 530 1102 615; baseline -0.01 -14"><span class='ocrx_word' id='word_1_16' title='bbox 54 548 266 612; x_wconf 87' lang='lat' dir='ltr'><em>mentatores,</em></span> <span class='ocrx_word' id='word_1_17' title='bbox 281 534 399 597; x_wconf 82' lang='lat' dir='ltr'><em>saeculo</em></span> <span class='ocrx_word' id='word_1_18' title='bbox 414 532 519 597; x_wconf 88' lang='lat' dir='ltr'><em>adhuc</em></span> <span class='ocrx_word' id='word_1_19' title='bbox 534 530 800 605; x_wconf 79' lang='lat' dir='ltr'><em>nonnanistentc,</em></span> <span class='ocrx_word' id='word_1_20' title='bbox 813 550 871 615; x_wconf 89' lang='lat' dir='ltr'><em>pro</em></span> <span class='ocrx_word' id='word_1_21' title='bbox 886 530 1102 615; x_wconf 71' lang='lat' dir='ltr'><em>chorepiscu·</em></span> 
     </span>
     <span class='ocr_line' id='line_1_4' title="bbox 55 615 1095 708; baseline -0.007 -23"><span class='ocrx_word' id='word_1_22' title='bbox 55 642 173 708; x_wconf 88' lang='lat' dir='ltr'><em>porum</em></span> <span class='ocrx_word' id='word_1_23' title='bbox 189 620 345 704; x_wconf 87' lang='lat' dir='ltr'>dignitate</span> <span class='ocrx_word' id='word_1_24' title='bbox 359 635 392 682; x_wconf 92' lang='lat' dir='ltr'><em>et</em></span> <span class='ocrx_word' id='word_1_25' title='bbox 406 615 811 695; x_wconf 71' lang='lat' dir='ltr'><em>cfficio&#39;calurnniatcribus</em></span> <span class='ocrx_word' id='word_1_26' title='bbox 829 637 940 681; x_wconf 90' lang='lat' dir='ltr'><em>corum</em></span> <span class='ocrx_word' id='word_1_27' title='bbox 961 634 1095 700; x_wconf 82' lang='lat' dir='ltr'><em>respon-</em></span> 
     </span>
     <span class='ocr_line' id='line_1_5' title="bbox 54 700 1098 787; baseline -0.007 -16"><span class='ocrx_word' id='word_1_28' title='bbox 54 707 139 771; x_wconf 88' lang='lat' dir='ltr'><em>dens</em></span> <span class='ocrx_word' id='word_1_29' title='bbox 166 707 340 769; x_wconf 88' lang='lat' dir='ltr'><em>Rhabanus</em></span> <span class='ocrx_word' id='word_1_30' title='bbox 370 705 506 768; x_wconf 88' lang='lat' dir='ltr'><em>Maurus</em></span> <span class='ocrx_word' id='word_1_31' title='bbox 533 703 791 787; x_wconf 83' lang='lat' dir='ltr'>archiepiscopus</span> <span class='ocrx_word' id='word_1_32' title='bbox 813 701 1036 787; x_wconf 79' lang='lat' dir='ltr'><em>-Mogu&#39;ntinus</em></span> <span class='ocrx_word' id='word_1_33' title='bbox 1062 700 1098 765; x_wconf 86' lang='lat' dir='ltr'><em>in</em></span> 
     </span>
     <span class='ocr_line' id='line_1_6' title="bbox 56 785 1096 875; baseline -0.006 -19"><span class='ocrx_word' id='word_1_34' title='bbox 56 790 154 857; x_wconf 81' lang='lat' dir='ltr'><em>Libro</em></span> <span class='ocrx_word' id='word_1_35' title='bbox 171 791 209 855; x_wconf 89' lang='lat' dir='ltr'><em>de</em></span> <span class='ocrx_word' id='word_1_36' title='bbox 224 789 460 874; x_wconf 76' lang='lat' dir='ltr'><em>Cirorepiscopis,</em></span> <span class='ocrx_word' id='word_1_37' title='bbox 479 789 555 853; x_wconf 91' lang='lat' dir='ltr'><em>huic</em></span> <span class='ocrx_word' id='word_1_38' title='bbox 573 805 777 875; x_wconf 83' lang='lat' dir='ltr'><em>argumento,</em></span> <span class='ocrx_word' id='word_1_39' title='bbox 797 790 902 851; x_wconf 88' lang='lat' dir='ltr'><em>aurcis</em></span> <span class='ocrx_word' id='word_1_40' title='bbox 923 788 972 850; x_wconf 90' lang='lat' dir='ltr'><em>his</em></span> <span class='ocrx_word' id='word_1_41' title='bbox 993 785 1096 851; x_wconf 84' lang='lat' dir='ltr'><em>verbis</em></span> 
     </span>
     <span class='ocr_line' id='line_1_7' title="bbox 56 871 1097 959; baseline -0.006 -17"><span class='ocrx_word' id='word_1_42' title='bbox 56 899 147 953; x_wconf 86' lang='lat' dir='ltr'><em>usus,</em></span> <span class='ocrx_word' id='word_1_43' title='bbox 166 877 292 940; x_wconf 88' lang='lat' dir='ltr'><em>obviam</em></span> <span class='ocrx_word' id='word_1_44' title='bbox 314 878 423 940; x_wconf 87' lang='lat' dir='ltr'><em>iverat.</em></span> <span class='ocrx_word' id='word_1_45' title='bbox 448 876 600 959; x_wconf 77' lang='lat' dir='ltr'><em>Apparet,</em></span> <span class='ocrx_word' id='word_1_46' title='bbox 620 873 737 959; x_wconf 88' lang='lat' dir='ltr'><em>inquit,</em></span> <span class='ocrx_word' id='word_1_47' title='bbox 753 871 834 958; x_wconf 81' lang='lat' dir='ltr'><em>quud</em></span> <span class='ocrx_word' id='word_1_48' title='bbox 856 873 913 936; x_wconf 87' lang='lat' dir='ltr'><em>iste</em></span> <span class='ocrx_word' id='word_1_49' title='bbox 932 871 1097 956; x_wconf 83' lang='lat' dir='ltr'><em>Philippus</em></span> 
     </span>
     <span class='ocr_line' id='line_1_8' title="bbox 56 958 1097 1047; baseline -0.005 -20"><span class='ocrx_word' id='word_1_50' title='bbox 56 961 201 1047; x_wconf 79' lang='lat' dir='ltr'><em>nonfuit·</em></span> <span class='ocrx_word' id='word_1_51' title='bbox 211 962 378 1046; x_wconf 88' lang='lat' dir='ltr'><em>episcopus,</em></span> <span class='ocrx_word' id='word_1_52' title='bbox 391 983 487 1047; x_wconf 87' lang='lat' dir='ltr'><em>neque</em></span> <span class='ocrx_word' id='word_1_53' title='bbox 499 959 736 1046; x_wconf 73' lang='lat' dir='ltr'><strong><em>chorepiscopus,</em></strong></span> <span class='ocrx_word' id='word_1_54' title='bbox 749 958 801 1023; x_wconf 88' lang='lat' dir='ltr'><em>sed</em></span> <span class='ocrx_word' id='word_1_55' title='bbox 813 970 935 1023; x_wconf 85' lang='lat' dir='ltr'><em>tanturn</em></span> <span class='ocrx_word' id='word_1_56' title='bbox 945 958 1097 1028; x_wconf 66' lang='lat' dir='ltr'><em>,diaconus</em></span> 
     </span>
     <span class='ocr_line' id='line_1_9' title="bbox 57 1045 1101 1134; baseline -0.005 -21"><span class='ocrx_word' id='word_1_57' title='bbox 57 1059 89 1114; x_wconf 88' lang='lat' dir='ltr'><em>et</em></span> <span class='ocrx_word' id='word_1_58' title='bbox 112 1045 313 1134; x_wconf 72' lang='lat' dir='ltr'><em>euangelista,</em></span> <span class='ocrx_word' id='word_1_59' title='bbox 368 1046 403 1112; x_wconf 85' lang='lat' dir='ltr'><em>Si</em></span> <span class='ocrx_word' id='word_1_60' title='bbox 429 1047 512 1110; x_wconf 88' lang='lat' dir='ltr'><em>enirn</em></span> <span class='ocrx_word' id='word_1_61' title='bbox 538 1045 765 1131; x_wconf 72' lang='lat' dir='ltr'><em>chorepiscopus</em></span> <span class='ocrx_word' id='word_1_62' title='bbox 787 1055 875 1122; x_wconf 84' lang='lat' dir='ltr'><em>esset,</em></span> <span class='ocrx_word' id='word_1_63' title='bbox 898 1062 1101 1130; x_wconf 81' lang='lat' dir='ltr'><em>nequaquam.</em></span> 
     </span>
     <span class='ocr_line' id='line_1_10' title="bbox 57 1127 1097 1217; baseline -0.004 -19"><span class='ocrx_word' id='word_1_64' title='bbox 57 1134 190 1217; x_wconf 80' lang='lat' dir='ltr'><em>scriptor</em></span> <span class='ocrx_word' id='word_1_65' title='bbox 213 1132 353 1197; x_wconf 77' lang='lat' dir='ltr'><em>historice</em></span> <span class='ocrx_word' id='word_1_66' title='bbox 375 1131 428 1196; x_wconf 80' lang='lat' dir='ltr'><em>hoc</em></span> <span class='ocrx_word' id='word_1_67' title='bbox 450 1131 605 1197; x_wconf 76' lang='lat' dir='ltr'><em>tacuisset.</em></span> <span class='ocrx_word' id='word_1_68' title='bbox 651 1130 788 1194; x_wconf 81' lang='lat' dir='ltr'><em>Necdum</em></span> <span class='ocrx_word' id='word_1_69' title='bbox 808 1129 890 1194; x_wconf 87' lang='lat' dir='ltr'><em>enim</em></span> <span class='ocrx_word' id='word_1_70' title='bbox 909 1129 1040 1213; x_wconf 84' lang='lat' dir='ltr'><em>apostoli</em></span> <span class='ocrx_word' id='word_1_71' title='bbox 1059 1127 1097 1194; x_wconf 76' lang='lat' dir='ltr'><em>ab</em></span> 
     </span>
     <span class='ocr_line' id='line_1_11' title="bbox 60 1213 1099 1305; baseline -0.001 -24"><span class='ocrx_word' id='word_1_72' title='bbox 60 1219 190 1283; x_wconf 86' lang='lat' dir='ltr'><em>inuicem</em></span> <span class='ocrx_word' id='word_1_73' title='bbox 206 1217 417 1296; x_wconf 82' lang='lat' dir='ltr'><em>discesserunt,</em></span> <span class='ocrx_word' id='word_1_74' title='bbox 428 1229 463 1281; x_wconf 90' lang='lat' dir='ltr'><em>ut</em></span> <span class='ocrx_word' id='word_1_75' title='bbox 476 1218 508 1282; x_wconf 91' lang='lat' dir='ltr'><em>in</em></span> <span class='ocrx_word' id='word_1_76' title='bbox 519 1216 651 1305; x_wconf 82' lang='lat' dir='ltr'><em>singulis</em></span> <span class='ocrx_word' id='word_1_77' title='bbox 662 1213 829 1301; x_wconf 87' lang='lat' dir='ltr'><em>prouinciis</em></span> <span class='ocrx_word' id='word_1_78' title='bbox 843 1216 907 1280; x_wconf 82' lang='lat' dir='ltr'><em>sive</em></span> <span class='ocrx_word' id='word_1_79' title='bbox 921 1214 1099 1280; x_wconf 79' lang='lat' dir='ltr'><em>ciuitatibus</em></span> 
     </span>
     <span class='ocr_line' id='line_1_12' title="bbox 59 1300 1100 1452; baseline -0.001 -85"><span class='ocrx_word' id='word_1_80' title='bbox 59 1304 214 1390; x_wconf 82' lang='lat' dir='ltr'><em>episcopus</em></span> <span class='ocrx_word' id='word_1_81' title='bbox 230 1315 285 1368; x_wconf 88' lang='lat' dir='ltr'><em>unt</em></span> <span class='ocrx_word' id='word_1_82' title='bbox 300 1303 522 1452; x_wconf 76' lang='lat' dir='ltr'><em>chorepiscppcs</em></span> <span class='ocrx_word' id='word_1_83' title='bbox 537 1303 715 1368; x_wconf 78' lang='lat' dir='ltr'><em>ordinarent</em></span> <span class='ocrx_word' id='word_1_84' title='bbox 725 1326 739 1379; x_wconf 89' lang='lat'><em>,·</em></span> <span class='ocrx_word' id='word_1_85' title='bbox 759 1301 859 1365; x_wconf 89' lang='lat' dir='ltr'><em>sedin</em></span> <span class='ocrx_word' id='word_1_86' title='bbox 874 1300 1100 1385; x_wconf 73' lang='lat' dir='ltr'><em>Hierosolymis</em></span> 
     </span>
     <span class='ocr_line' id='line_1_13' title="bbox 61 1386 1100 1474; baseline -0.002 -20"><span class='ocrx_word' id='word_1_87' title='bbox 61 1401 187 1454; x_wconf 86' lang='lat' dir='ltr'><em>tanturn</em></span> <span class='ocrx_word' id='word_1_88' title='bbox 206 1402 364 1454; x_wconf 82' lang='lat' dir='ltr'><em>monentes</em></span> <span class='ocrx_word' id='word_1_89' title='bbox 384 1403 454 1474; x_wconf 75' lang='lat' dir='ltr'><em>prce</em></span> <span class='ocrx_word' id='word_1_90' title='bbox 471 1387 599 1453; x_wconf 56' lang='lat' dir='ltr'><em>,iculont</em></span> <span class='ocrx_word' id='word_1_91' title='bbox 620 1387 743 1453; x_wconf 81' lang='lat' dir='ltr'><em>uerlnrn</em></span> <span class='ocrx_word' id='word_1_92' title='bbox 762 1386 838 1467; x_wconf 89' lang='lat' dir='ltr'><em>Dei,</em></span> <span class='ocrx_word' id='word_1_93' title='bbox 852 1388 945 1451; x_wconf 88' lang='lat' dir='ltr'><em>donec</em></span> <span class='ocrx_word' id='word_1_94' title='bbox 963 1387 1100 1471; x_wconf 74' lang='lat' dir='ltr'><em>Spiritus</em></span> 
     </span>
     <span class='ocr_line' id='line_1_14' title="bbox 61 1472 1101 1563; baseline -0.004 -22"><span class='ocrx_word' id='word_1_95' title='bbox 61 1474 164 1541; x_wconf 85' lang='lat' dir='ltr'><em>suncti</em></span> <span class='ocrx_word' id='word_1_96' title='bbox 189 1474 385 1561; x_wconf 74' lang='lat' dir='ltr'><em>dispositione</em></span> <span class='ocrx_word' id='word_1_97' title='bbox 410 1485 533 1563; x_wconf 81' lang='lat' dir='ltr'><em>cogente</em></span> <span class='ocrx_word' id='word_1_98' title='bbox 556 1475 598 1538; x_wconf 88' lang='lat' dir='ltr'><em>ud</em></span> <span class='ocrx_word' id='word_1_99' title='bbox 621 1472 856 1558; x_wconf 80' lang='lat' dir='ltr'><em>prcedicundunt</em></span> <span class='ocrx_word' id='word_1_100' title='bbox 878 1472 1022 1560; x_wconf 83' lang='lat' dir='ltr'><em>gentihus</em></span> <span class='ocrx_word' id='word_1_101' title='bbox 1044 1489 1101 1557; x_wconf 85' lang='lat' dir='ltr'><em>per</em></span> 
     </span>
     <span class='ocr_line' id='line_1_15' title="bbox 61 1557 1102 1646; baseline 0 -22"><span class='ocrx_word' id='word_1_102' title='bbox 61 1559 165 1633; x_wconf 80' lang='lat' dir='ltr'><em>orbern</em></span> <span class='ocrx_word' id='word_1_103' title='bbox 181 1560 289 1625; x_wconf 83' lang='lat' dir='ltr'><em>directi</em></span> <span class='ocrx_word' id='word_1_104' title='bbox 304 1571 377 1624; x_wconf 81' lang='lat' dir='ltr'><em>sstnt</em></span> <span class='ocrx_word' id='word_1_105' title='bbox 387 1586 400 1638; x_wconf 79' lang='lat'><em>,-</em></span> <span class='ocrx_word' id='word_1_106' title='bbox 421 1562 524 1646; x_wconf 86' lang='lat' dir='ltr'><em>sicque</em></span> <span class='ocrx_word' id='word_1_107' title='bbox 541 1559 638 1624; x_wconf 86' lang='lat' dir='ltr'><em>ornnis</em></span> <span class='ocrx_word' id='word_1_108' title='bbox 653 1558 726 1631; x_wconf 88' lang='lat' dir='ltr'><em>ordo</em></span> <span class='ocrx_word' id='word_1_109' title='bbox 743 1557 964 1623; x_wconf 82' lang='lat' dir='ltr'><em>ecclesiasticus</em></span> <span class='ocrx_word' id='word_1_110' title='bbox 984 1558 1017 1622; x_wconf 83' lang='lat' dir='ltr'><em>in.</em></span> <span class='ocrx_word' id='word_1_111' title='bbox 1036 1559 1102 1624; x_wconf 87' lang='lat' dir='ltr'><em>sin·</em></span> 
     </span>
     <span class='ocr_line' id='line_1_16' title="bbox 59 1643 1103 1744; baseline 0.004 -36"><span class='ocrx_word' id='word_1_112' title='bbox 59 1644 149 1744; x_wconf 76' lang='lat' dir='ltr'><em>gulis</em></span> <span class='ocrx_word' id='word_1_113' title='bbox 170 1643 244 1710; x_wconf 86' lang='lat' dir='ltr'><em>locis</em></span> <span class='ocrx_word' id='word_1_114' title='bbox 254 1648 354 1732; x_wconf 77' lang='lat' dir='ltr'><em>justu</em></span> <span class='ocrx_word' id='word_1_115' title='bbox 368 1668 472 1711; x_wconf 87' lang='lat' dir='ltr'><em>eorurn</em></span> <span class='ocrx_word' id='word_1_116' title='bbox 485 1644 733 1710; x_wconf 79' lang='lat' dir='ltr'><em>distributionem</em></span> <span class='ocrx_word' id='word_1_117' title='bbox 747 1644 940 1721; x_wconf 82' lang='lat' dir='ltr'><em>distributus,</em></span> <span class='ocrx_word' id='word_1_118' title='bbox 957 1643 1103 1712; x_wconf 80' lang='lat' dir='ltr'><em>hactenus</em></span> 
     </span>
     <span class='ocr_line' id='line_1_17' title="bbox 63 1730 1103 1797; baseline 0.001 -1"><span class='ocrx_word' id='word_1_119' title='bbox 63 1754 98 1796; x_wconf 80' lang='lat' dir='ltr'><em>sn</em></span> <span class='ocrx_word' id='word_1_120' title='bbox 113 1731 238 1795; x_wconf 85' lang='lat' dir='ltr'><em>ecclesia</em></span> <span class='ocrx_word' id='word_1_121' title='bbox 254 1730 407 1795; x_wconf 81' lang='lat' dir='ltr'><em>catholica</em></span> <span class='ocrx_word' id='word_1_122' title='bbox 421 1743 573 1797; x_wconf 84' lang='lat' dir='ltr'><em>seruatur.</em></span> <span class='ocrx_word' id='word_1_123' title='bbox 617 1732 671 1795; x_wconf 89' lang='lat' dir='ltr'><em>Sic</em></span> <span class='ocrx_word' id='word_1_124' title='bbox 686 1731 739 1795; x_wconf 87' lang='lat' dir='ltr'><em>ille</em></span> <span class='ocrx_word' id='word_1_125' title='bbox 753 1730 785 1795; x_wconf 91' lang='lat' dir='ltr'><em>in</em></span> <span class='ocrx_word' id='word_1_126' title='bbox 799 1730 910 1796; x_wconf 91' lang='lat' dir='ltr'><em>libello</em></span> <span class='ocrx_word' id='word_1_127' title='bbox 928 1755 947 1795; x_wconf 87' lang='lat' dir='ltr'><em>a</em></span> <span class='ocrx_word' id='word_1_128' title='bbox 967 1731 1103 1797; x_wconf 82' lang='lat' dir='ltr'><em>Bnluzio</em></span> 
     </span>
     <span class='ocr_line' id='line_1_18' title="bbox 62 1815 1110 1902; baseline 0.001 -21"><span class='ocrx_word' id='word_1_129' title='bbox 62 1818 157 1902; x_wconf 86' lang='lat' dir='ltr'><em>operi</em></span> <span class='ocrx_word' id='word_1_130' title='bbox 177 1817 261 1882; x_wconf 89' lang='lat' dir='ltr'><em>Petri</em></span> <span class='ocrx_word' id='word_1_131' title='bbox 283 1816 323 1880; x_wconf 92' lang='lat' dir='ltr'><em>de</em></span> <span class='ocrx_word' id='word_1_132' title='bbox 346 1819 460 1881; x_wconf 88' lang='lat' dir='ltr'><em>Marca</em></span> <span class='ocrx_word' id='word_1_133' title='bbox 479 1817 531 1882; x_wconf 90' lang='lat' dir='ltr'><em>De</em></span> <span class='ocrx_word' id='word_1_134' title='bbox 549 1816 718 1881; x_wconf 83' lang='lat' dir='ltr'><em>Concordia</em></span> <span class='ocrx_word' id='word_1_135' title='bbox 741 1815 909 1880; x_wconf 84' lang='lat' dir='ltr'><em>Sacerdotii</em></span> <span class='ocrx_word' id='word_1_136' title='bbox 927 1828 956 1881; x_wconf 84' lang='lat' dir='ltr'><em>et</em></span> <span class='ocrx_word' id='word_1_137' title='bbox 976 1817 1110 1902; x_wconf 63' lang='lat' dir='ltr'><em>Imperii*</em></span> 
     </span>
     <span class='ocr_line' id='line_1_19' title="bbox 62 1901 1104 1989; baseline 0.003 -21"><span class='ocrx_word' id='word_1_138' title='bbox 62 1901 230 1989; x_wconf 77' lang='lat' dir='ltr'><em>adjunct0,</em></span> <span class='ocrx_word' id='word_1_139' title='bbox 246 1925 279 1988; x_wconf 86' lang='lat' dir='ltr'><em>p.</em></span> <span class='ocrx_word' id='word_1_140' title='bbox 295 1910 381 1967; x_wconf 82' lang='grc'><strong>1364.</strong></span> <span class='ocrx_word' id='word_1_141' title='bbox 412 1903 510 1975; x_wconf 87' lang='lat' dir='ltr'><em>Porro</em></span> <span class='ocrx_word' id='word_1_142' title='bbox 533 1902 595 1966; x_wconf 92' lang='lat' dir='ltr'><em>hoc</em></span> <span class='ocrx_word' id='word_1_143' title='bbox 616 1902 932 1971; x_wconf 83' lang='lat' dir='ltr'><em>animadvertendum</em></span> <span class='ocrx_word' id='word_1_144' title='bbox 947 1917 1008 1982; x_wconf 89' lang='lat' dir='ltr'><em>cst,</em></span> <span class='ocrx_word' id='word_1_145' title='bbox 1023 1925 1104 1972; x_wconf 79' lang='lat' dir='ltr'><em>con·.</em></span> 
     </span>
     <span class='ocr_line' id='line_1_20' title="bbox 63 1987 1104 2075; baseline 0 -22"><span class='ocrx_word' id='word_1_146' title='bbox 63 1987 179 2053; x_wconf 83' lang='lat' dir='ltr'><em>cedere</em></span> <span class='ocrx_word' id='word_1_147' title='bbox 195 1987 292 2074; x_wconf 91' lang='lat' dir='ltr'><em>ipsos,</em></span> <span class='ocrx_word' id='word_1_148' title='bbox 309 2010 390 2073; x_wconf 89' lang='lat' dir='ltr'><em>quos</em></span> <span class='ocrx_word' id='word_1_149' title='bbox 404 1987 480 2066; x_wconf 83' lang='lat' dir='ltr'><em>dixi,</em></span> <span class='ocrx_word' id='word_1_150' title='bbox 495 1988 683 2073; x_wconf 83' lang='lat' dir='ltr'><em>interpretes</em></span> <span class='ocrx_word' id='word_1_151' title='bbox 697 1989 839 2065; x_wconf 84' lang='lat' dir='ltr'><em>Graecos,</em></span> <span class='ocrx_word' id='word_1_152' title='bbox 854 1988 930 2052; x_wconf 88' lang='lat' dir='ltr'><em>dum</em></span> <span class='ocrx_word' id='word_1_153' title='bbox 942 1988 983 2052; x_wconf 90' lang='lat' dir='ltr'><em>ad</em></span> <span class='ocrx_word' id='word_1_154' title='bbox 995 1990 1104 2075; x_wconf 84' lang='lat' dir='ltr'><em>Anep-</em></span> 
     </span>
     <span class='ocr_line' id='line_1_21' title="bbox 36 2072 1104 2153; baseline 0.004 -17"><span class='ocrx_word' id='word_1_155' title='bbox 36 2123 51 2136; x_wconf 87' lang='lat'><em>.</em></span> <span class='ocrx_word' id='word_1_156' title='bbox 63 2073 139 2153; x_wconf 79' lang='lat' dir='ltr'><em>roni</em></span> <span class='ocrx_word' id='word_1_157' title='bbox 152 2072 284 2137; x_wconf 86' lang='lat' dir='ltr'><em>Concilii</em></span> <span class='ocrx_word' id='word_1_158' title='bbox 298 2084 453 2138; x_wconf 72' lang='lat' dir='ltr'><em>canonem</em></span> <span class='ocrx_word' id='word_1_159' title='bbox 470 2074 630 2138; x_wconf 88' lang='lat' dir='ltr'><em>celebrem</em></span> <span class='ocrx_word' id='word_1_160' title='bbox 644 2073 740 2136; x_wconf 89' lang='lat' dir='ltr'><em>illum</em></span> <span class='ocrx_word' id='word_1_161' title='bbox 762 2074 860 2136; x_wconf 86' lang='lat' dir='ltr'><strong>XIII.</strong></span> <span class='ocrx_word' id='word_1_162' title='bbox 880 2089 1104 2143; x_wconf 86' lang='lat' dir='ltr'><em>commentan-</em></span> 
     </span>
     <span class='ocr_line' id='line_1_22' title="bbox 64 2159 1105 2246; baseline -0.001 -20"><span class='ocrx_word' id='word_1_163' title='bbox 64 2172 132 2238; x_wconf 86' lang='lat' dir='ltr'><em>tur,</em></span> <span class='ocrx_word' id='word_1_164' title='bbox 146 2159 386 2246; x_wconf 82' lang='lat' dir='ltr'><em>chorepiscopis</em></span> <span class='ocrx_word' id='word_1_165' title='bbox 405 2160 513 2239; x_wconf 89' lang='lat' dir='ltr'><em>licere‚</em></span> <span class='ocrx_word' id='word_1_166' title='bbox 527 2175 565 2223; x_wconf 91' lang='lat' dir='ltr'><em>ut</em></span> <span class='ocrx_word' id='word_1_167' title='bbox 584 2160 790 2245; x_wconf 85' lang='lat' dir='ltr'><em>presbyteros</em></span> <span class='ocrx_word' id='word_1_168' title='bbox 810 2172 843 2222; x_wconf 91' lang='lat' dir='ltr'><em>et</em></span> <span class='ocrx_word' id='word_1_169' title='bbox 862 2159 1014 2224; x_wconf 90' lang='lat' dir='ltr'><em>diaconos</em></span> <span class='ocrx_word' id='word_1_170' title='bbox 1033 2183 1105 2246; x_wconf 89' lang='lat' dir='ltr'><em>per-</em></span> 
     </span>
     <span class='ocr_line' id='line_1_23' title="bbox 64 2230 1106 2333; baseline -0.002 -19"><span class='ocrx_word' id='word_1_171' title='bbox 64 2245 215 2314; x_wconf 85' lang='lat' dir='ltr'><em>mittente</em></span> <span class='ocrx_word' id='word_1_172' title='bbox 245 2245 333 2310; x_wconf 89' lang='lat' dir='ltr'><em>urbis</em></span> <span class='ocrx_word' id='word_1_173' title='bbox 359 2230 515 2330; x_wconf 87' lang='lat' dir='ltr'><em>episcopo</em></span> <span class='ocrx_word' id='word_1_174' title='bbox 543 2245 735 2309; x_wconf 86' lang='lat' dir='ltr'><em>ordinarent.</em></span> <span class='ocrx_word' id='word_1_175' title='bbox 787 2245 841 2309; x_wconf 90' lang='lat' dir='ltr'><em>De</em></span> <span class='ocrx_word' id='word_1_176' title='bbox 866 2245 1106 2333; x_wconf 79' lang='lat' dir='ltr'><em>chorepiscopis</em></span> 
     </span>
     <span class='ocr_line' id='line_1_24' title="bbox 65 2329 1104 2417; baseline 0.002 -21"><span class='ocrx_word' id='word_1_177' title='bbox 65 2345 177 2396; x_wconf 79' lang='lat' dir='ltr'><em>autem</em></span> <span class='ocrx_word' id='word_1_178' title='bbox 200 2331 323 2417; x_wconf 89' lang='lat' dir='ltr'><em>optime</em></span> <span class='ocrx_word' id='word_1_179' title='bbox 345 2343 494 2416; x_wconf 89' lang='lat' dir='ltr'><em>egerunt,</em></span> <span class='ocrx_word' id='word_1_180' title='bbox 517 2351 614 2416; x_wconf 87' lang='lat' dir='ltr'><em>opere</em></span> <span class='ocrx_word' id='word_1_181' title='bbox 635 2344 743 2394; x_wconf 90' lang='lat' dir='ltr'><em>tamen</em></span> <span class='ocrx_word' id='word_1_182' title='bbox 765 2329 921 2409; x_wconf 84' lang='lat' dir='ltr'><em>Rhabani,</em></span> <span class='ocrx_word' id='word_1_183' title='bbox 938 2332 1025 2416; x_wconf 90' lang='lat' dir='ltr'><em>quod</em></span> <span class='ocrx_word' id='word_1_184' title='bbox 1044 2333 1104 2398; x_wconf 89' lang='lat' dir='ltr'><em>do·</em></span> 
     </span>
     <span class='ocr_line' id='line_1_25' title="bbox 65 2415 1106 2504; baseline 0.002 -22"><span class='ocrx_word' id='word_1_185' title='bbox 65 2415 200 2482; x_wconf 89' lang='lat' dir='ltr'><em>lendum</em></span> <span class='ocrx_word' id='word_1_186' title='bbox 223 2429 284 2495; x_wconf 86' lang='lat' dir='ltr'><em>cst,</em></span> <span class='ocrx_word' id='word_1_187' title='bbox 305 2415 393 2480; x_wconf 89' lang='lat' dir='ltr'><em>hand</em></span> <span class='ocrx_word' id='word_1_188' title='bbox 414 2416 475 2493; x_wconf 89' lang='lat' dir='ltr'><em>usi,</em></span> <span class='ocrx_word' id='word_1_189' title='bbox 488 2415 683 2501; x_wconf 83' lang='lat' dir='ltr'><em>Beveregius</em></span> <span class='ocrx_word' id='word_1_190' title='bbox 703 2415 744 2479; x_wconf 92' lang='lat' dir='ltr'><em>ad</em></span> <span class='ocrx_word' id='word_1_191' title='bbox 761 2417 897 2480; x_wconf 87' lang='lat' dir='ltr'><em>Conones</em></span> <span class='ocrx_word' id='word_1_192' title='bbox 911 2418 1106 2504; x_wconf 84' lang='lat' dir='ltr'><em>Ancpruuos,</em></span> 
     </span>
     <span class='ocr_line' id='line_1_26' title="bbox 67 2499 1109 2590; baseline 0.004 -24"><span class='ocrx_word' id='word_1_193' title='bbox 67 2501 147 2566; x_wconf 91' lang='lat' dir='ltr'><em>Gul.</em></span> <span class='ocrx_word' id='word_1_194' title='bbox 179 2501 309 2581; x_wconf 83' lang='lat' dir='ltr'><em>Casius,</em></span> <span class='ocrx_word' id='word_1_195' title='bbox 344 2501 428 2566; x_wconf 88' lang='lat' dir='ltr'><em>libro</em></span> <span class='ocrx_word' id='word_1_196' title='bbox 456 2501 508 2567; x_wconf 84' lang='lat' dir='ltr'><em>De</em></span> <span class='ocrx_word' id='word_1_197' title='bbox 541 2499 775 2566; x_wconf 79' lang='lat' dir='ltr'><em>Christianismo</em></span> <span class='ocrx_word' id='word_1_198' title='bbox 805 2501 961 2567; x_wconf 84' lang='lat' dir='ltr'><em>Primoeuo</em></span> <span class='ocrx_word' id='word_1_199' title='bbox 994 2504 1109 2590; x_wconf 85' lang='lat' dir='ltr'><em>lingua</em></span> 
     </span>
     <span class='ocr_line' id='line_1_27' title="bbox 66 2582 1106 2674; baseline 0.005 -22"><span class='ocrx_word' id='word_1_200' title='bbox 66 2602 179 2653; x_wconf 85' lang='lat' dir='ltr'><em>nostra</em></span> <span class='ocrx_word' id='word_1_201' title='bbox 192 2582 386 2673; x_wconf 86' lang='lat' dir='ltr'><em>conscripto,</em></span> <span class='ocrx_word' id='word_1_202' title='bbox 400 2587 677 2674; x_wconf 82' lang='lat' dir='ltr'><em>Binghamusque.</em></span> <span class='ocrx_word' id='word_1_203' title='bbox 702 2585 791 2674; x_wconf 85' lang='lat' dir='ltr'><em>Orig.</em></span> <span class='ocrx_word' id='word_1_204' title='bbox 806 2587 989 2655; x_wconf 85' lang='lat' dir='ltr'><em>Ecclesiast.</em></span> <span class='ocrx_word' id='word_1_205' title='bbox 1004 2590 1062 2663; x_wconf 75' lang='lat' dir='ltr'><em>lib,</em></span> <span class='ocrx_word' id='word_1_206' title='bbox 1072 2590 1106 2657; x_wconf 91' lang='lat' dir='ltr'><em>ii.</em></span> 
     </span>
     <span class='ocr_line' id='line_1_28' title="bbox 67 2671 1106 2762; baseline 0.003 -23"><span class='ocrx_word' id='word_1_207' title='bbox 67 2693 142 2758; x_wconf 87' lang='lat' dir='ltr'><em>cap.</em></span> <span class='ocrx_word' id='word_1_208' title='bbox 159 2687 206 2739; x_wconf 84' lang='lat' dir='ltr'><em>tt.</em></span> <span class='ocrx_word' id='word_1_209' title='bbox 237 2672 328 2738; x_wconf 91' lang='lat' dir='ltr'><em>Dum</em></span> <span class='ocrx_word' id='word_1_210' title='bbox 348 2694 423 2737; x_wconf 88' lang='lat' dir='ltr'><em>vero</em></span> <span class='ocrx_word' id='word_1_211' title='bbox 441 2675 486 2739; x_wconf 89' lang='lat' dir='ltr'><em>ait</em></span> <span class='ocrx_word' id='word_1_212' title='bbox 505 2671 633 2752; x_wconf 83' lang='lat' dir='ltr'><em>cavius,</em></span> <span class='ocrx_word' id='word_1_213' title='bbox 649 2686 731 2759; x_wconf 87' lang='lat' dir='ltr'><em>part.</em></span> <span class='ocrx_word' id='word_1_214' title='bbox 744 2675 772 2739; x_wconf 91' lang='lat'><em>1.</em></span> <span class='ocrx_word' id='word_1_215' title='bbox 788 2695 859 2758; x_wconf 82' lang='lat' dir='ltr'><em>cap.</em></span> <span class='ocrx_word' id='word_1_216' title='bbox 870 2675 933 2739; x_wconf 81' lang='lat' dir='ltr'><em>viii.</em></span> <span class='ocrx_word' id='word_1_217' title='bbox 949 2696 1023 2762; x_wconf 87' lang='lat' dir='ltr'><em>pag.</em></span> <span class='ocrx_word' id='word_1_218' title='bbox 1035 2689 1106 2743; x_wconf 76' lang='lat'><em>224.</em></span> 
     </span>
     <span class='ocr_line' id='line_1_29' title="bbox 67 2760 1108 2845; baseline 0.005 -23"><span class='ocrx_word' id='word_1_219' title='bbox 67 2760 146 2823; x_wconf 86' lang='lat' dir='ltr'><em>satis</em></span> <span class='ocrx_word' id='word_1_220' title='bbox 167 2779 326 2845; x_wconf 86' lang='lat' dir='ltr'><em>superque</em></span> <span class='ocrx_word' id='word_1_221' title='bbox 344 2771 501 2841; x_wconf 85' lang='lat' dir='ltr'><em>constare,</em></span> <span class='ocrx_word' id='word_1_222' title='bbox 516 2760 687 2844; x_wconf 73' lang='grc' dir='ltr'><em>περιοδευτὰς</em></span> <span class='ocrx_word' id='word_1_223' title='bbox 699 2783 719 2824; x_wconf 88' lang='lat' dir='ltr'><em>a</em></span> <span class='ocrx_word' id='word_1_224' title='bbox 732 2760 869 2824; x_wconf 91' lang='lat' dir='ltr'><em>concilio</em></span> <span class='ocrx_word' id='word_1_225' title='bbox 887 2775 1000 2845; x_wconf 89' lang='lat' dir='ltr'><em>postea</em></span> <span class='ocrx_word' id='word_1_226' title='bbox 1021 2764 1108 2828; x_wconf 88' lang='lat' dir='ltr'><em>Lao·</em></span> 
     </span>
     <span class='ocr_line' id='line_1_30' title="bbox 67 2842 1109 2930; baseline 0.004 -21"><span class='ocrx_word' id='word_1_227' title='bbox 67 2842 186 2909; x_wconf 87' lang='lat' dir='ltr'><em>diceno</em></span> <span class='ocrx_word' id='word_1_228' title='bbox 201 2844 234 2907; x_wconf 90' lang='lat' dir='ltr'><em>in</em></span> <span class='ocrx_word' id='word_1_229' title='bbox 247 2865 371 2909; x_wconf 86' lang='lat' dir='ltr'><em>canone</em></span> <span class='ocrx_word' id='word_1_230' title='bbox 386 2864 484 2909; x_wconf 78' lang='lat' dir='ltr'><em>nvn.</em></span> <span class='ocrx_word' id='word_1_231' title='bbox 497 2844 572 2909; x_wconf 92' lang='lat' dir='ltr'><em>loco</em></span> <span class='ocrx_word' id='word_1_232' title='bbox 584 2845 889 2930; x_wconf 88' lang='lat' dir='ltr'><em>chorepiscoporum</em></span> <span class='ocrx_word' id='word_1_233' title='bbox 904 2847 1109 2928; x_wconf 85' lang='lat' dir='ltr'><em>constitutos,</em></span> 
     </span>
    </p>
   </div>
   <div class='ocr_carea' id='block_1_3' title="bbox 68 2927 1219 3017">
    <p class='ocr_par' dir='ltr' id='par_1_3' title="bbox 68 2927 1219 3017">
     <span class='ocr_line' id='line_1_31' title="bbox 68 2927 1219 3017; baseline 0.003 -23"><span class='ocrx_word' id='word_1_234' title='bbox 68 2928 203 2994; x_wconf 72' lang='lat' dir='ltr'><em>eosdem</em></span> <span class='ocrx_word' id='word_1_235' title='bbox 216 2929 314 2994; x_wconf 84' lang='lat' dir='ltr'><em>fuisse</em></span> <span class='ocrx_word' id='word_1_236' title='bbox 328 2943 426 3015; x_wconf 88' lang='lat' dir='ltr'><em>atque</em></span> <span class='ocrx_word' id='word_1_237' title='bbox 441 2930 601 3015; x_wconf 67' lang='grc' dir='ltr'><em>ἐπιχωρίους</em></span> <span class='ocrx_word' id='word_1_238' title='bbox 614 2927 829 3015; x_wconf 68' lang='grc' dir='ltr'><em>πρεσέυτὲρους,</em></span> <span class='ocrx_word' id='word_1_239' title='bbox 845 2930 948 3017; x_wconf 87' lang='lat' dir='ltr'><em>quiin</em></span> <span class='ocrx_word' id='word_1_240' title='bbox 964 2931 1027 2996; x_wconf 92' lang='lat' dir='ltr'><em>hoc</em></span> <span class='ocrx_word' id='word_1_241' title='bbox 1044 2932 1110 2998; x_wconf 83' lang='lat' dir='ltr'><em>Ca·</em></span> <span class='ocrx_word' id='word_1_242' title='bbox 1217 2943 1219 2947; x_wconf 81' lang='grc'><strong>’</strong></span> 
     </span>
    </p>
   </div>
   <div class='ocr_carea' id='block_1_4' title="bbox 10 3014 1115 4212">
    <p class='ocr_par' dir='ltr' id='par_1_4' title="bbox 10 3014 1115 4212">
     <span class='ocr_line' id='line_1_32' title="bbox 69 3014 1108 3101; baseline 0.006 -23"><span class='ocrx_word' id='word_1_243' title='bbox 69 3036 157 3079; x_wconf 87' lang='lat' dir='ltr'><em>none</em></span> <span class='ocrx_word' id='word_1_244' title='bbox 170 3029 402 3093; x_wconf 78' lang='lat' dir='ltr'><em>memorantur,</em></span> <span class='ocrx_word' id='word_1_245' title='bbox 415 3014 478 3078; x_wconf 91' lang='lat' dir='ltr'><em>hoc</em></span> <span class='ocrx_word' id='word_1_246' title='bbox 490 3017 522 3078; x_wconf 90' lang='lat' dir='ltr'><em>in</em></span> <span class='ocrx_word' id='word_1_247' title='bbox 535 3014 635 3101; x_wconf 83' lang='lat' dir='ltr'><em>dubio</em></span> <span class='ocrx_word' id='word_1_248' title='bbox 647 3037 716 3079; x_wconf 90' lang='lat' dir='ltr'><em>esse</em></span> <span class='ocrx_word' id='word_1_249' title='bbox 728 3015 809 3078; x_wconf 92' lang='lat' dir='ltr'><em>mihi</em></span> <span class='ocrx_word' id='word_1_250' title='bbox 821 3015 951 3101; x_wconf 88' lang='lat' dir='ltr'><em>quidem</em></span> <span class='ocrx_word' id='word_1_251' title='bbox 967 3016 1108 3098; x_wconf 70' lang='lat' dir='ltr'><em>videturs</em></span> 
     </span>
     <span class='ocr_line' id='line_1_33' title="bbox 69 3099 1110 3188; baseline 0.004 -24"><span class='ocrx_word' id='word_1_252' title='bbox 69 3099 127 3186; x_wconf 89' lang='lat' dir='ltr'><em>qui</em></span> <span class='ocrx_word' id='word_1_253' title='bbox 139 3100 224 3164; x_wconf 88' lang='lat' dir='ltr'><em>enim</em></span> <span class='ocrx_word' id='word_1_254' title='bbox 238 3100 295 3164; x_wconf 91' lang='lat' dir='ltr'><em>diu</em></span> <span class='ocrx_word' id='word_1_255' title='bbox 306 3112 380 3164; x_wconf 90' lang='lat' dir='ltr'><em>ante</em></span> <span class='ocrx_word' id='word_1_256' title='bbox 390 3100 461 3165; x_wconf 85' lang='lat' dir='ltr'><em>haec</em></span> <span class='ocrx_word' id='word_1_257' title='bbox 473 3111 620 3186; x_wconf 87' lang='lat' dir='ltr'><em>tempora</em></span> <span class='ocrx_word' id='word_1_258' title='bbox 629 3100 806 3187; x_wconf 87' lang='lat' dir='ltr'><em>presbyteri</em></span> <span class='ocrx_word' id='word_1_259' title='bbox 816 3100 850 3164; x_wconf 92' lang='lat' dir='ltr'><em>in</em></span> <span class='ocrx_word' id='word_1_260' title='bbox 861 3099 936 3165; x_wconf 90' lang='lat' dir='ltr'><em>vicis</em></span> <span class='ocrx_word' id='word_1_261' title='bbox 948 3116 1046 3188; x_wconf 84' lang='lat' dir='ltr'><em>atque</em></span> <span class='ocrx_word' id='word_1_262' title='bbox 1057 3124 1110 3168; x_wconf 86' lang='lat' dir='ltr'><em>rc·</em></span> 
     </span>
     <span class='ocr_line' id='line_1_34' title="bbox 69 3183 1113 3288; baseline 0.006 -40"><span class='ocrx_word' id='word_1_263' title='bbox 69 3183 223 3270; x_wconf 70' lang='lat' dir='ltr'><em>gionibus</em></span> <span class='ocrx_word' id='word_1_264' title='bbox 237 3185 406 3250; x_wconf 89' lang='lat' dir='ltr'><em>constituti</em></span> <span class='ocrx_word' id='word_1_265' title='bbox 420 3199 536 3264; x_wconf 88' lang='lat' dir='ltr'><em>essent,</em></span> <span class='ocrx_word' id='word_1_266' title='bbox 550 3185 670 3251; x_wconf 91' lang='lat' dir='ltr'><em>ibidem</em></span> <span class='ocrx_word' id='word_1_267' title='bbox 685 3185 832 3264; x_wconf 87' lang='lat' dir='ltr'><em>residere,</em></span> <span class='ocrx_word' id='word_1_268' title='bbox 847 3185 873 3250; x_wconf 91' lang='lat' dir='ltr'><em>si</em></span> <span class='ocrx_word' id='word_1_269' title='bbox 894 3187 939 3251; x_wconf 90' lang='lat' dir='ltr'><em>ita</em></span> <span class='ocrx_word' id='word_1_270' title='bbox 953 3187 1043 3288; x_wconf 85' lang='lat' dir='ltr'><em>loqui</em></span> <span class='ocrx_word' id='word_1_271' title='bbox 1059 3190 1113 3255; x_wconf 79' lang='lat' dir='ltr'><em>fas</em></span> 
     </span>
     <span class='ocr_line' id='line_1_35' title="bbox 69 3269 1109 3356; baseline 0.006 -22"><span class='ocrx_word' id='word_1_272' title='bbox 69 3283 130 3349; x_wconf 86' lang='lat' dir='ltr'><em>est,</em></span> <span class='ocrx_word' id='word_1_273' title='bbox 142 3269 229 3335; x_wconf 90' lang='lat' dir='ltr'><em>haud</em></span> <span class='ocrx_word' id='word_1_274' title='bbox 244 3269 388 3350; x_wconf 87' lang='lat' dir='ltr'><em>circuire,</em></span> <span class='ocrx_word' id='word_1_275' title='bbox 402 3271 488 3335; x_wconf 90' lang='lat' dir='ltr'><em>soliti</em></span> <span class='ocrx_word' id='word_1_276' title='bbox 504 3284 589 3336; x_wconf 92' lang='lat' dir='ltr'><em>sunt.</em></span> <span class='ocrx_word' id='word_1_277' title='bbox 610 3270 786 3356; x_wconf 70' lang='grc' dir='ltr'><em>Περιοδευτα)</em></span> <span class='ocrx_word' id='word_1_278' title='bbox 800 3273 826 3334; x_wconf 83' lang='grc' dir='ltr'><em>δὲ</em></span> <span class='ocrx_word' id='word_1_279' title='bbox 840 3269 1109 3356; x_wconf 68' lang='lat' dir='ltr'><em>nlyortnr‚a1tZo-</em></span> 
     </span>
     <span class='ocr_line' id='line_1_36' title="bbox 70 3355 1109 3443; baseline 0.005 -24"><span class='ocrx_word' id='word_1_280' title='bbox 70 3377 175 3435; x_wconf 76' lang='lat' dir='ltr'><em>natac,</em></span> <span class='ocrx_word' id='word_1_281' title='bbox 188 3359 232 3418; x_wconf 75' lang='lat' dir='ltr'><em>brai</em></span> <span class='ocrx_word' id='word_1_282' title='bbox 241 3358 273 3419; x_wconf 81' lang='lat' dir='ltr'><em>ri</em></span> <span class='ocrx_word' id='word_1_283' title='bbox 285 3355 504 3442; x_wconf 60' lang='lat' dir='ltr'><em>repre‘pxadupri</em></span> <span class='ocrx_word' id='word_1_284' title='bbox 517 3357 688 3440; x_wconf 72' lang='grc' dir='ltr'><em>καταρτίζειν</em></span> <span class='ocrx_word' id='word_1_285' title='bbox 698 3355 750 3431; x_wconf 69' lang='lat' dir='ltr'><em>rig</em></span> <span class='ocrx_word' id='word_1_286' title='bbox 761 3355 855 3436; x_wconf 69' lang='grc' dir='ltr'><em>πιςὲς,</em></span> <span class='ocrx_word' id='word_1_287' title='bbox 867 3362 905 3438; x_wconf 82' lang='grc' dir='ltr'><em>μὴ</em></span> <span class='ocrx_word' id='word_1_288' title='bbox 921 3358 1021 3443; x_wconf 68' lang='grc' dir='ltr'><strong><em>ἔχονῖες</em></strong></span> <span class='ocrx_word' id='word_1_289' title='bbox 1032 3366 1109 3424; x_wconf 71' lang='grc' dir='ltr'><em>καθ·</em></span> 
     </span>
     <span class='ocr_line' id='line_1_37' title="bbox 70 3437 1112 3529; baseline 0.008 -25"><span class='ocrx_word' id='word_1_290' title='bbox 70 3437 150 3529; x_wconf 70' lang='grc' dir='ltr'><strong><em>ἕδραν</em></strong></span> <span class='ocrx_word' id='word_1_291' title='bbox 162 3441 273 3505; x_wconf 66' lang='grc' dir='ltr'><em>οἰκείαν.</em></span> <span class='ocrx_word' id='word_1_292' title='bbox 298 3441 395 3515; x_wconf 86' lang='lat' dir='ltr'><em>Certe</em></span> <span class='ocrx_word' id='word_1_293' title='bbox 410 3441 465 3516; x_wconf 83' lang='lat' dir='ltr'><em>diu</em></span> <span class='ocrx_word' id='word_1_294' title='bbox 480 3454 574 3506; x_wconf 88' lang='lat' dir='ltr'><em>antea</em></span> <span class='ocrx_word' id='word_1_295' title='bbox 586 3442 764 3529; x_wconf 87' lang='lat' dir='ltr'><em>Dionysius</em></span> <span class='ocrx_word' id='word_1_296' title='bbox 774 3441 1010 3509; x_wconf 87' lang='lat' dir='ltr'><em>Alexandrinus</em></span> <span class='ocrx_word' id='word_1_297' title='bbox 1022 3445 1063 3509; x_wconf 88' lang='lat' dir='ltr'><em>ad</em></span> <span class='ocrx_word' id='word_1_298' title='bbox 1075 3469 1112 3512; x_wconf 88' lang='lat' dir='ltr'><em>se</em></span> 
     </span>
     <span class='ocr_line' id='line_1_38' title="bbox 69 3522 1109 3617; baseline 0.004 -26"><span class='ocrx_word' id='word_1_299' title='bbox 69 3547 202 3602; x_wconf 73' lang='lat' dir='ltr'><em>vocasse</em></span> <span class='ocrx_word' id='word_1_300' title='bbox 217 3528 262 3590; x_wconf 88' lang='lat' dir='ltr'><em>ait</em></span> <span class='ocrx_word' id='word_1_301' title='bbox 276 3522 364 3612; x_wconf 90' lang='lat' dir='ltr'><em>apud</em></span> <span class='ocrx_word' id='word_1_302' title='bbox 378 3527 605 3607; x_wconf 67' lang='lat' dir='ltr'><em>aseneum,</em></span> <span class='ocrx_word' id='word_1_303' title='bbox 620 3550 692 3613; x_wconf 86' lang='lat' dir='ltr'><em>quae</em></span> <span class='ocrx_word' id='word_1_304' title='bbox 708 3527 846 3614; x_wconf 86' lang='lat' dir='ltr'><em>AEgypti</em></span> <span class='ocrx_word' id='word_1_305' title='bbox 865 3540 925 3609; x_wconf 90' lang='lat' dir='ltr'><em>est,</em></span> <span class='ocrx_word' id='word_1_306' title='bbox 939 3532 1000 3605; x_wconf 83' lang='grc' dir='ltr'><strong>τοὺς</strong></span> <span class='ocrx_word' id='word_1_307' title='bbox 1013 3552 1109 3617; x_wconf 69' lang='lat' dir='ltr'><em>erper-</em></span> 
     </span>
     <span class='ocr_line' id='line_1_39' title="bbox 70 3607 1111 3696; baseline 0.009 -20"><span class='ocrx_word' id='word_1_308' title='bbox 70 3607 198 3696; x_wconf 60' lang='lat' dir='ltr'><em>Surs&#39;poug</em></span> <span class='ocrx_word' id='word_1_309' title='bbox 213 3612 260 3675; x_wconf 80' lang='lat' dir='ltr'><em>noti</em></span> <span class='ocrx_word' id='word_1_310' title='bbox 275 3612 458 3685; x_wconf 73' lang='grc' dir='ltr'><em>διδασκάλους</em></span> <span class='ocrx_word' id='word_1_311' title='bbox 472 3618 526 3674; x_wconf 77' lang='grc' dir='ltr'><em>τῶν</em></span> <span class='ocrx_word' id='word_1_312' title='bbox 541 3616 567 3676; x_wconf 79' lang='grc' dir='ltr'><em>ἐν</em></span> <span class='ocrx_word' id='word_1_313' title='bbox 580 3617 642 3689; x_wconf 82' lang='grc' dir='ltr'><em>ταῖς</em></span> <span class='ocrx_word' id='word_1_314' title='bbox 657 3612 763 3696; x_wconf 73' lang='grc' dir='ltr'><strong><em>κώμαις</em></strong></span> <span class='ocrx_word' id='word_1_315' title='bbox 779 3616 917 3696; x_wconf 73' lang='grc' dir='ltr'><em>ἀδελφῶν.</em></span> <span class='ocrx_word' id='word_1_316' title='bbox 938 3615 995 3680; x_wconf 82' lang='lat' dir='ltr'><em>lib.</em></span> <span class='ocrx_word' id='word_1_317' title='bbox 1010 3616 1042 3682; x_wconf 78' lang='grc' dir='ltr'><em>ἱὶ.</em></span> <span class='ocrx_word' id='word_1_318' title='bbox 1058 3620 1111 3685; x_wconf 82' lang='lat' dir='ltr'><em>De</em></span> 
     </span>
     <span class='ocr_line' id='line_1_40' title="bbox 10 3697 1113 3789; baseline 0.006 -27"><span class='ocrx_word' id='word_1_319' title='bbox 10 3708 15 3762; x_wconf 86' lang='grc'><em>,“</em></span> <span class='ocrx_word' id='word_1_320' title='bbox 71 3697 221 3762; x_wconf 82' lang='lat' dir='ltr'><em>Promiss.</em></span> <span class='ocrx_word' id='word_1_321' title='bbox 246 3697 332 3783; x_wconf 90' lang='lat' dir='ltr'><em>apud</em></span> <span class='ocrx_word' id='word_1_322' title='bbox 359 3699 477 3761; x_wconf 86' lang='lat' dir='ltr'><em>Euseb.</em></span> <span class='ocrx_word' id='word_1_323' title='bbox 503 3697 550 3762; x_wconf 89' lang='lat' dir='ltr'><em>H.</em></span> <span class='ocrx_word' id='word_1_324' title='bbox 574 3697 618 3763; x_wconf 86' lang='grc' dir='ltr'><em>Ε.</em></span> <span class='ocrx_word' id='word_1_325' title='bbox 639 3698 691 3762; x_wconf 90' lang='lat' dir='ltr'><em>vii.</em></span> <span class='ocrx_word' id='word_1_326' title='bbox 711 3711 760 3762; x_wconf 79' lang='lat'><em>24.</em></span> <span class='ocrx_word' id='word_1_327' title='bbox 805 3699 926 3779; x_wconf 90' lang='lat' dir='ltr'><em>Immo,</em></span> <span class='ocrx_word' id='word_1_328' title='bbox 953 3702 1040 3789; x_wconf 93' lang='lat' dir='ltr'><em>quod</em></span> <span class='ocrx_word' id='word_1_329' title='bbox 1063 3705 1113 3778; x_wconf 88' lang='lat' dir='ltr'><em>vel</em></span> 
     </span>
     <span class='ocr_line' id='line_1_41' title="bbox 69 3777 1112 3870; baseline 0.007 -23"><span class='ocrx_word' id='word_1_330' title='bbox 69 3783 213 3868; x_wconf 79' lang='lat' dir='ltr'><em>apertius</em></span> <span class='ocrx_word' id='word_1_331' title='bbox 235 3794 296 3859; x_wconf 88' lang='lat' dir='ltr'><em>est,</em></span> <span class='ocrx_word' id='word_1_332' title='bbox 321 3783 352 3846; x_wconf 93' lang='lat' dir='ltr'><em>in</em></span> <span class='ocrx_word' id='word_1_333' title='bbox 375 3777 528 3846; x_wconf 85' lang='lat' dir='ltr'><em>Archelai</em></span> <span class='ocrx_word' id='word_1_334' title='bbox 551 3797 584 3848; x_wconf 90' lang='lat' dir='ltr'><em>et</em></span> <span class='ocrx_word' id='word_1_335' title='bbox 607 3783 750 3848; x_wconf 88' lang='lat' dir='ltr'><em>Manetis</em></span> <span class='ocrx_word' id='word_1_336' title='bbox 770 3783 1011 3870; x_wconf 64' lang='lat' dir='ltr'><em>Disputatione</em></span> <span class='ocrx_word' id='word_1_337' title='bbox 1034 3811 1112 3855; x_wconf 90' lang='lat' dir='ltr'><em>cum</em></span> 
     </span>
     <span class='ocr_line' id='line_1_42' title="bbox 71 3867 1111 3958; baseline 0.01 -27"><span class='ocrx_word' id='word_1_338' title='bbox 71 3870 189 3958; x_wconf 76' lang='lat' dir='ltr'><em>Manes</em></span> <span class='ocrx_word' id='word_1_339' title='bbox 211 3868 339 3953; x_wconf 83' lang='lat' dir='ltr'><em>fugiens</em></span> <span class='ocrx_word' id='word_1_340' title='bbox 360 3867 539 3933; x_wconf 88' lang='lat' dir='ltr'><em>advenisset</em></span> <span class='ocrx_word' id='word_1_341' title='bbox 560 3869 601 3941; x_wconf 84' lang='lat' dir='ltr'><em>ad</em></span> <span class='ocrx_word' id='word_1_342' title='bbox 622 3869 782 3956; x_wconf 83' lang='lat' dir='ltr'><em>quendam</em></span> <span class='ocrx_word' id='word_1_343' title='bbox 808 3873 926 3950; x_wconf 81' lang='lat' dir='ltr'><em>vicum,</em></span> <span class='ocrx_word' id='word_1_344' title='bbox 947 3871 1046 3958; x_wconf 74' lang='lat' dir='ltr'><em>lunge</em></span> <span class='ocrx_word' id='word_1_345' title='bbox 1068 3877 1111 3941; x_wconf 91' lang='lat' dir='ltr'><em>ab</em></span> 
     </span>
     <span class='ocr_line' id='line_1_43' title="bbox 71 3953 1115 4041; baseline 0.006 -22"><span class='ocrx_word' id='word_1_346' title='bbox 71 3954 153 4020; x_wconf 75' lang='lat' dir='ltr'><em>iube</em></span> <span class='ocrx_word' id='word_1_347' title='bbox 171 3953 326 4039; x_wconf 90' lang='lat' dir='ltr'><em>positum,</em></span> <span class='ocrx_word' id='word_1_348' title='bbox 342 3954 397 4040; x_wconf 92' lang='lat' dir='ltr'><em>qui</em></span> <span class='ocrx_word' id='word_1_349' title='bbox 411 3954 632 4040; x_wconf 87' lang='lat' dir='ltr'><em>appellabatur</em></span> <span class='ocrx_word' id='word_1_350' title='bbox 645 3953 795 4034; x_wconf 83' lang='lat' dir='ltr'><em>Diodori,</em></span> <span class='ocrx_word' id='word_1_351' title='bbox 813 3955 920 4041; x_wconf 79' lang='grc' dir='ltr'>(κώμην</span> <span class='ocrx_word' id='word_1_352' title='bbox 933 3961 1115 4039; x_wconf 73' lang='grc' dir='ltr'><strong><em>εὐτελεςάτην</em></strong></span> 
     </span>
     <span class='ocr_line' id='line_1_44' title="bbox 70 4037 1110 4130; baseline 0.008 -27"><span class='ocrx_word' id='word_1_353' title='bbox 70 4038 158 4117; x_wconf 80' lang='lat' dir='ltr'><em>hanc</em></span> <span class='ocrx_word' id='word_1_354' title='bbox 178 4051 271 4103; x_wconf 87' lang='lat' dir='ltr'><em>vocat</em></span> <span class='ocrx_word' id='word_1_355' title='bbox 291 4037 435 4125; x_wconf 90' lang='lat' dir='ltr'><em>Cyrillus</em></span> <span class='ocrx_word' id='word_1_356' title='bbox 456 4040 586 4104; x_wconf 88' lang='lat' dir='ltr'><em>Hieros.</em></span> <span class='ocrx_word' id='word_1_357' title='bbox 605 4039 729 4106; x_wconf 84' lang='lat' dir='ltr'><em>Cuteclt.</em></span> <span class='ocrx_word' id='word_1_358' title='bbox 743 4042 782 4105; x_wconf 90' lang='lat' dir='ltr'><em>vi.</em></span> <span class='ocrx_word' id='word_1_359' title='bbox 797 4062 830 4126; x_wconf 90' lang='lat' dir='ltr'><em>p.</em></span> <span class='ocrx_word' id='word_1_360' title='bbox 842 4048 892 4107; x_wconf 84' lang='lat'><em>65.</em></span> <span class='ocrx_word' id='word_1_361' title='bbox 908 4042 960 4108; x_wconf 81' lang='lat' dir='ltr'><em>ed.</em></span> <span class='ocrx_word' id='word_1_362' title='bbox 975 4045 1110 4130; x_wconf 86' lang='lat' dir='ltr'><em>Morcl.)</em></span> 
     </span>
     <span class='ocr_line' id='line_1_45' title="bbox 72 4124 1112 4212; baseline 0.004 -19"><span class='ocrx_word' id='word_1_363' title='bbox 72 4124 180 4193; x_wconf 83' lang='lat' dir='ltr'><em>extitit</em></span> <span class='ocrx_word' id='word_1_364' title='bbox 190 4124 362 4212; x_wconf 86' lang='lat' dir='ltr'><em>presbyter</em></span> <span class='ocrx_word' id='word_1_365' title='bbox 376 4125 461 4188; x_wconf 89' lang='lat' dir='ltr'><em>illius</em></span> <span class='ocrx_word' id='word_1_366' title='bbox 475 4126 550 4204; x_wconf 89' lang='lat' dir='ltr'><em>loci,</em></span> <span class='ocrx_word' id='word_1_367' title='bbox 565 4126 694 4190; x_wconf 87' lang='lat' dir='ltr'><em>nonrine</em></span> <span class='ocrx_word' id='word_1_368' title='bbox 709 4140 742 4190; x_wconf 90' lang='lat' dir='ltr'><em>et</em></span> <span class='ocrx_word' id='word_1_369' title='bbox 759 4127 828 4212; x_wconf 90' lang='lat' dir='ltr'><em>ipse</em></span> <span class='ocrx_word' id='word_1_370' title='bbox 846 4127 1024 4207; x_wconf 89' lang='lat' dir='ltr'><em>Diodorus,</em></span> <span class='ocrx_word' id='word_1_371' title='bbox 1039 4153 1077 4197; x_wconf 86' lang='lat' dir='ltr'><em>ca</em></span> <span class='ocrx_word' id='word_1_372' title='bbox 1101 4177 1112 4198; x_wconf 94' lang='lat'><em>.</em></span> 
     </span>
    </p>
   </div>
   <div class='ocr_carea' id='block_1_5' title="bbox 71 4207 1201 4302">
    <p class='ocr_par' dir='ltr' id='par_1_5' title="bbox 71 4207 1201 4302">
     <span class='ocr_line' id='line_1_46' title="bbox 71 4207 1201 4302; baseline 0.013 -27"><span class='ocrx_word' id='word_1_373' title='bbox 71 4210 177 4278; x_wconf 82' lang='lat' dir='ltr'><em>xxxix.</em></span> <span class='ocrx_word' id='word_1_374' title='bbox 193 4232 225 4298; x_wconf 87' lang='lat' dir='ltr'><em>p.</em></span> <span class='ocrx_word' id='word_1_375' title='bbox 240 4218 307 4290; x_wconf 86' lang='lat'><em>176.</em></span> <span class='ocrx_word' id='word_1_376' title='bbox 322 4211 399 4278; x_wconf 86' lang='lat' dir='ltr'><em>edit.</em></span> <span class='ocrx_word' id='word_1_377' title='bbox 417 4211 552 4278; x_wconf 88' lang='lat' dir='ltr'><em>Fabricii</em></span> <span class='ocrx_word' id='word_1_378' title='bbox 565 4212 653 4299; x_wconf 88' lang='lat' dir='ltr'><em>apud</em></span> <span class='ocrx_word' id='word_1_379' title='bbox 670 4211 729 4300; x_wconf 88' lang='lat' dir='ltr'><em>Op.</em></span> <span class='ocrx_word' id='word_1_380' title='bbox 742 4211 775 4278; x_wconf 84' lang='lat' dir='ltr'><em>S.</em></span> <span class='ocrx_word' id='word_1_381' title='bbox 788 4207 968 4302; x_wconf 75' lang='lat' dir='ltr'><em>Hippolyti.</em></span> <span class='ocrx_word' id='word_1_382' title='bbox 991 4215 1042 4284; x_wconf 81' lang='lat' dir='ltr'><em>Oc</em></span> <span class='ocrx_word' id='word_1_383' title='bbox 1077 4240 1115 4287; x_wconf 76' lang='lat' dir='ltr'><em>er</em></span> <span class='ocrx_word' id='word_1_384' title='bbox 1187 4275 1201 4290; x_wconf 73' lang='lat'><em>.</em></span> 
     </span>
    </p>
   </div>
   <div class='ocr_carea' id='block_1_6' title="bbox 0 0 1367 4756">
    <p class='ocr_par' dir='ltr' id='par_1_6' title="bbox 0 0 1367 4756">
     <span class='ocr_line' id='line_1_47' title="bbox 0 0 1367 4756; baseline 0 0"><span class='ocrx_word' id='word_1_385' title='bbox 0 0 1367 4756; x_wconf 95' lang='lat' dir='ltr'><em> </em></span> 
     </span>
    </p>
   </div>
  </div>
 </body>
</html>
