2678 4756
224 290 276 358 nu
298 290 332 357 s,
352 288 595 358 vroromm
619 287 960 357 retonsarum.
1048 305 1109 379 245

68 471 93 505 “
109 461 163 527 hor
176 463 351 551 legendum
366 462 513 529 suadent.
537 464 590 528 Sic
602 462 682 528 infra
697 466 726 548 ξ.
737 463 777 528 vi.
793 475 829 529 at
843 485 928 528 mens
938 477 1039 548 parea
1051 481 1110 550 po-

65 553 92 591 “
106 549 194 629 terit,
205 550 333 615 conabor
345 550 532 616 ostendere.''
556 552 595 613 In
611 552 686 614 MS.
700 551 827 636 quidem
845 572 941 637 super
953 550 1075 615 literam
1093 574 1108 614 o

66 636 280 722 posteriorem
296 636 328 702 in
345 658 489 701 conamur
502 639 621 722 scripta
633 652 682 702 est
695 637 786 702 litera
797 660 829 714 u,
841 659 904 700 non
918 637 1108 702 aWalkero

66 720 178 788 addita
194 744 250 788 seu
266 724 416 808 reposita.
462 725 573 787 Habet
590 722 678 787 Cavii
693 722 917 809 apographum
934 721 1072 788 conabor.

111 809 146 872 P.
158 821 228 873 235.
243 809 266 873 l.
279 824 330 873 20.
354 808 565 898 duodenario]
579 809 789 874 duodeciaario
806 810 882 873 MS.
917 808 1108 874 Correxerat

67 893 160 958 Carii
173 894 351 982 apograph.

110 980 196 1045 Ibid.
210 980 231 1044 1.
243 996 294 1046 22.
318 981 729 1068 requies-superduceret]
752 982 839 1046 Bene
858 981 1037 1048 Walkerus
1057 1005 1107 1047 re·

65 1065 181 1152 quietis
196 1088 255 1153 pro
270 1090 304 1132 rc
326 1067 390 1133 aies
398 1096 412 1147 ,-
436 1068 526 1132 Cavii
548 1068 770 1155 apographum
791 1068 1003 1154 superduceret
1023 1091 1107 1156 prae·

63 1153 122 1216 bet
137 1174 196 1238 pro
211 1090 420 1238 strperdoceret
434 1155 572 1219 lectione
589 1156 689 1218 MSti.
746 1216 748 1220 ,

110 1238 195 1302 Ibid.
209 1239 232 1302 l.
247 1254 296 1304 23.
323 1240 384 1305 hae
405 1241 727 1326 se-temperaretur]
752 1240 827 1303 MS.
851 1237 909 1303 tac
930 1260 964 1303 se
984 1239 1109 1305 alterna

64 1323 135 1388 vice
155 1325 247 1390 labor
269 1325 382 1412 quietis
404 1328 608 1406 refoveretur,
633 1326 784 1392 Walkeri
808 1325 1048 1390 emendationes
1070 1349 1109 1391 cc

64 1409 121 1489 sic,
144 1423 177 1475 et
201 1411 304 1498 quiete
326 1413 434 1492 noctis,
457 1413 718 1478 commemoravi.
759 1412 809 1477 Ac
834 1411 878 1476 sic
899 1410 1000 1477 habes
1024 1412 1108 1478 infra

63 1497 106 1560 ad
124 1518 199 1582 pag.
211 1505 280 1562 236.
296 1497 351 1562 lin.
364 1514 414 1577 29.

110 1584 145 1646 Ρ.
157 1591 226 1647 236.
242 1582 264 1647 l.
281 1600 307 1647 1.
331 1586 435 1673 majus
449 1600 483 1651 et
497 1584 749 1673 minus-nocti]
770 1585 823 1650 Sic
837 1583 976 1649 correxit
992 1583 1108 1649 Caria-

64 1691 145 1732 num
162 1670 385 1756 apographum
403 1694 475 1759 pro,
491 1672 596 1757 majus
617 1684 653 1736 ut
673 1673 780 1737 minus
802 1685 839 1737 ut
861 1671 998 1736 alterum
1017 1686 1107 1757 prce·
1217 1735 1219 1739 ,

64 1754 157 1819 cessit
170 1755 233 1819 diei
248 1757 383 1821 alterum
400 1759 509 1837 noctis,
527 1771 560 1822 et
574 1760 681 1825 statim
696 1772 784 1848 post,
800 1762 975 1844 ccetcrcqce
988 1779 1048 1844 pro
1063 1756 1107 1822 ci-

65 1839 227 1927 tharaque,
242 1842 330 1929 quod
345 1843 443 1908 habet
457 1846 533 1908 MS.

111 1927 196 1991 lbid.
212 1927 233 1991 l.
244 1943 274 1992 4.
298 1943 332 1993 et
345 1929 439 1994 horas
453 1952 510 2017 per
523 1929 689 2015 stationes]
703 1931 741 1993 ln
755 1930 830 1993 MS.
845 1928 965 2015 legitur
977 1943 1010 1992 et
1025 1926 1108 1995 horis

60 2012 294 2111 praestationem
341 2015 584 2103 Conjecturam,
605 2039 677 2103 quae
696 2016 842 2103 adposita
862 2029 930 2080 erat
951 2016 992 2081 ad
1016 2016 1108 2082 Cavii

64 2119 258 2184 marginem,
274 2102 390 2188 recepi.
696 2162 697 2165 ,

110 2185 195 2249 Ibid.
212 2186 235 2250 l.
249 2201 279 2251 5.
304 2188 372 2252 dies
389 2209 470 2254 1111.
486 2200 584 2253 tetras
601 2188 675 2272 hee]
694 2186 795 2275 Apud
809 2199 929 2252 veteres
943 2186 1106 2254 'Christia-

65 2292 126 2338 nos
145 2270 258 2336 haberi
279 2274 384 2338 solitae
407 2289 482 2339 sunt
501 2276 666 2353 stationes,
682 2295 797 2360 nempe
819 2273 987 2361 religiosus
1001 2273 1108 2340 cultus

64 2369 164 2445 etque
181 2358 357 2445 jejunium,
378 2374 445 2425 tam
469 2375 582 2447 quarta
604 2361 692 2441 feria,
709 2384 782 2447 quae
801 2373 900 2425 tetras
919 2362 1104 2442 vocabatur,

64 2465 162 2530 quam
176 2461 277 2525 sexta,
293 2467 465 2532 parasceue
480 2447 577 2512 dicta.
601 2447 771 2513 Durabant
786 2459 895 2510 autem
911 2444 982 2511 istae
997 2447 1037 2512 ad
1052 2469 1108 2512 us·

64 2552 129 2616 que
150 2530 265 2595 horam
289 2555 420 2613 nonam,
443 2545 499 2597 aut
519 2533 615 2597 etiam
639 2533 679 2597 ad
701 2555 890 2632 vesperamr
922 2532 979 2597 sed
1003 2555 1037 2598 re
1059 2534 1106 2600 sic
1221 2545 1223 2549 ’

63 2631 250 2702 comparata
270 2632 308 2681 ut
328 2631 456 2705 tempus
476 2619 716 2706 produceretur,
727 2619 853 2704 jejunia
867 2641 931 2682 nou
950 2621 1106 2684 stationes

62 2705 273 2781 vocabantur,
287 2720 384 2789 prout
404 2705 486 2770 infra
506 2718 619 2770 auctor
632 2705 677 2769 ait
690 2726 723 2791 p.
735 2718 804 2782 237.
824 2704 846 2768 l.
859 2717 890 2780 7.
913 2705 967 2769 hoc
985 2728 1106 2794 quoque

62 2786 114 2852 die
141 2792 364 2872 (sextot-aur
394 2791 558 2855 stationem
586 2792 666 2870 Deo,
695 2803 751 2856 aut
770 2790 931 2876 jejunium
949 2790 1104 2878 facimus.

63 2874 173 2938 Immo
198 2875 372 2955 interdurn,
397 2892 433 2942 ut
458 2876 600 2941 ostendit
626 2878 659 2941 S.
680 2878 879 2956 Victorinus,
904 2878 1105 2964 produceba-

62 2974 116 3024 tur
131 2974 255 3048 quartae
270 2962 357 3026 feriae
374 2962 536 3050 jejunium
555 2962 588 3026 in
603 2964 789 3043 crastinum,
804 2986 877 3112 Ἐκ
892 2976 941 3027 est
956 2978 1110 3050 superpo.
1210 2973 1212 2977 ’

61 3045 147 3111 sitio.
177 3047 254 3118 Vid.
276 3059 344 3112 not.
366 3071 462 3135 supra
483 3050 523 3112 ad
544 3050 577 3112 S.
592 3051 783 3115 D1onrsr1
835 3048 911 3134 pist.
928 3050 970 3114 ad
983 3049 1105 3114 Basili-

61 3131 143 3212 dem,
155 3133 218 3197 vol.
232 3133 264 3209 ii,
277 3156 308 3220 p.
317 3147 389 3213 419.
411 3135 605 3200 Addendum
619 3146 674 3198 eut
686 3152 760 3200 ante
772 3157 869 3221 usqae
881 3135 923 3198 cd
934 3151 1103 3222 vesperum.

105 3217 191 3283 Ibid.
208 3220 293 3284 l.10.
320 3235 504 3307 temporum
526 3221 697 3306 tetradem]
715 3223 831 3284 Monet
846 3220 1103 3286 delendumesse

61 3314 235 3390 temporam
249 3306 438 3387 Walker'us,
453 3307 542 3394 quod
561 3329 599 3370 ex
621 3308 827 3393 sequentibus
849 3306 913 3371 huc
934 3307 1103 3372 advectum

60 3402 123 3457 est.
169 3392 368 3476 Reposuerat
381 3394 535 3468 tetradem
549 3414 608 3479 pro
622 3393 742 3470 tetrade
757 3393 847 3457 Cavii
865 3393 1102 3481 apographum.

106 3476 190 3541 Ibid.
209 3476 231 3540 l.
250 3489 295 3541 14.
323 3500 362 3541 ex
386 3500 423 3541 ea
445 3480 493 3563 re]
510 3480 562 3542 Ita
583 3479 747 3564 praeclare,
768 3480 814 3542 ait
835 3480 1023 3559 Walkerus,
1045 3479 1104 3546 viri

59 3562 150 3628 docti
165 3561 206 3627 ad
221 3585 324 3649 marg.
342 3564 431 3627 Cavii
445 3587 504 3650 pro
518 3588 557 3628 err
571 3587 645 3627 cere.
688 3566 793 3650 Igitur
806 3565 870 3629 hoc
885 3567 1002 3651 recepi.

105 3648 290 3713 Ibid.l.16.
313 3662 452 3735 quatuor
469 3650 692 3737 generationes
712 3650 921 3736 populorum,
937 3653 979 3716 ab
994 3651 1102 3717 Adam

61 3733 138 3834 Sco]
156 3732 248 3822 Quid
269 3735 303 3798 in
325 3748 433 3799 mente
455 3736 537 3800 inter
559 3735 630 3800 haec
652 3736 785 3800 haberet
799 3737 998 3815 Victorinus,
1013 3737 1102 3803 haud
1182 3792 1183 3795 .

59 3840 167 3907 capro,
182 3819 243 3884 nisi
258 3819 347 3907 quod
367 3832 417 3920 tot
434 3823 494 3887 sibi
514 3824 660 3921 gentium
680 3822 820 3908 origines
834 3823 868 3887 in
883 3823 1017 3910 singulis
1031 3824 1101 3889 istis

60 3906 669 4078 quihfflgigeadigqlhsaihherndhihralia
685 3993 760 4078 &c.]
775 3993 850 4058 Scil.
865 3994 897 4058 in
909 3994 1005 4079 Apcc.
1017 3994 1056 4058 iv.
1068 4001 1100 4073 6,

59 4088 91 4152 7.
110 4098 169 4164 per
184 4099 258 4163 quae
278 4077 409 4164 quidem
428 4080 578 4144 animalia
592 4080 659 4144 vult
676 4081 794 4166 signari
810 4093 949 4228 (immor
962 4101 1100 4164 evange-

58 4161 151 4227 listas
178 4163 426 4229 commentarius
450 4166 483 4230 irr
502 4164 692 4252 Apocalyps.
718 4170 750 4229 in
776 4165 819 4229 Bi
839 4165 927 4229 lieth.
952 4165 1101 4230 ‘Parisino

56 4248 130 4315 PP.
145 4263 228 4316 tom.
241 4249 275 4315 i'..
284 4271 362 4338 pag.
379 4265 468 4333 1249.
486 4251 655 4319 Victorino
680 4250 754 4319 huic
774 4266 887 4318 nostro
909 4250 1099 4338 adscriptus.

185 4367 187 4371 ’
555 4357 578 4406 R
591 4351 609 4400 3
