2678 4756
378 704 381 711 -
459 625 1025 784 ANNOTATIONES

279 869 364 983 'ru
399 903 438 983 s,
468 819 1180 1011 connutrijrnaeuuum.

264 1349 299 1411 P.
311 1352 340 1411 54
356 1347 420 1412 l.'6.
441 1347 586 1434 Epistola
598 1349 639 1413 ad
656 1351 689 1413 S.
704 1349 917 1435 cyprianum]
935 1352 1016 1414 Haec
1030 1348 1204 1417 Corneliie
1228 1349 1257 1413 i·

220 1432 315 1509 stola,
334 1455 408 1519 quae
428 1433 570 1518 Anglico
591 1435 625 1497 S.
646 1434 675 1496 C
699 1435 801 1519 priani
821 1436 988 1520 interpreti
1010 1435 1052 1499 cl.
1073 1371 1256 1499 Marshziio

143 1582 146 1587 ,
219 1516 329 1581 addita
348 1538 417 1580 esse
432 1517 555 1582 videtur
569 1458 715 1603 epistoiie
735 1541 812 1583 mox
831 1531 987 1603 secuturae
1008 1519 1082 1583 loco
1100 1519 1255 1606 appendi-

219 1601 276 1680 cis,
291 1601 337 1664 illi
353 1601 443 1665 alteri
462 1602 613 1688 postponi
634 1605 726 1667 solet.
773 1604 859 1667 Cum
875 1618 948 1668 vero
961 1605 1048 1689 prius
1064 1624 1134 1667 eam
1150 1602 1254 1665 collo·
1304 1641 1309 1650 x

219 1685 444 1750 eandam-esse
464 1687 633 1765 censuerit,
651 1701 689 1750 ut
707 1687 840 1767 videbis,
859 1690 968 1752 Petrus
991 1687 1199 1752 Constantius
1220 1686 1254 1752 in

217 1769 426 1837 Romanorum
439 1771 631 1856 ‘Pontificum
651 1772 814 1856 Epistolis,
834 1787 1002 1858 utramque
1021 1785 1131 1837 tamen
1155 1771 1257 1838 simul

217 1853 349 1920 missam
366 1856 463 1920 fuisse
485 1869 637 1935 statuens,
658 1856 745 1942 quod
765 1858 1096 2005 etpraestantissimus
1115 1856 1253 1942 Cypria·

217 1940 308 2004 nicus
327 1941 484 2004 annalista
505 1940 691 2005 Pearsonius
711 1953 801 2005 osten
825 1955 903 2019 erat,
919 1941 959 2005 ad
974 1964 1047 2006 ann.
1061 1956 1130 2005 251.
1147 1940 1252 2023 §.uin

113 2020 120 2030 ’
216 2045 291 2089 cum
304 2025 337 2089 in
353 2025 414 2089 hac
428 2025 558 2112 quidem
575 2048 608 2089 re
623 2038 751 2090 secutus
764 2048 853 2105 sum3
872 2039 994 2091 textum
1011 2048 1086 2091 vero
1099 2025 1251 2090 Baluzia-

216 2132 305 2188 num,
331 2111 395 2174 sive
420 2109 651 2174 monachorum
677 2111 970 2189 Benedictinorum‚
995 2112 1028 2174 in
1051 2110 1177 2177 duabus
1200 2111 1266 2174 his>

215 2195 358 2296 epistolis
372 2193 514 2258 exhibui.
554 2193 674 2258 Prodiit
688 2195 808 2283 interea
822 2196 997 2260 Baluziana
1012 2195 1167 2282 Cypriani
1182 2195 1253 2258 edi-

214 2292 262 2343 tro
277 2290 352 2342 octo
366 2299 466 2341 annos
483 2289 557 2363 post
572 2291 711 2342 mortem
732 2278 887 2365 Stephani
904 2280 1029 2345 Baluzii
1047 2300 1129 2343 anno
1151 2286 1250 2357 17263

214 2383 296 2447 opus
318 2375 426 2426 autem
448 2361 630 2426 Coustantii
645 2384 729 2425 anno
746 2375 832 2441 1721,
848 2386 913 2450 quo
929 2363 1060 2450 quidem
1079 2385 1162 2428 anno
1180 2364 1252 2462 ipse

214 2449 278 2511 vita
297 2447 427 2511 functus
447 2459 496 2511 est
519 2445 749 2526 Coustantius3
777 2460 813 2511 ut
836 2461 947 2513 neuter
967 2449 1098 2513 illorum
1117 2448 1255 2513 alterius·

212 2531 353 2595 editione
367 2553 443 2595 usus
457 2544 553 2595 esset.

126 2624 128 2630 '
258 2616 341 2680 Ibid.
365 2616 386 2679 1.
403 2631 432 2680 8.
464 2616 633 2680 Cornelius
660 2617 823 2704 Cypriano
850 2619 923 2702 &c.]
952 2618 1123 2683 Recentior
1146 2619 1251 2684 codex

214 2700 310 2765 Colb.
332 2715 369 2765 ut
392 2700 503 2785 priscae
525 2701 681 2788 Cypriani
700 2701 865 2781 editiones,
885 2702 1056 2789 Cyprianus
1081 2703 1247 2768 Cornelio:

216 2785 286 2869 (sed
301 2785 352 2849 ed.
371 2784 742 2851 Manutianaanni1563
760 2788 791 2850 in
811 2787 871 2850 hac
892 2803 925 2851 et
945 2785 1080 2872 epistola
1101 2787 1249 2871 proxime

212 2883 365 2956 sequente
384 2870 512 2934 titulum
536 2882 621 2935 recte
640 2885 771 2956 praestat
784 2874 805 2953 :)
829 2872 1027 2958 quodetiam
1044 2871 1250 2937 Corbeiensis

212 2956 288 3019 MS.
305 2955 444 3041 primum
464 2976 530 3039 prae
553 2978 588 3019 so
608 2956 693 3034 tulit,
707 2956 763 3020 sed
778 2957 819 3019 ab
834 2956 965 3042 antiqua
979 2978 1076 3020 manu
1091 2956 1123 3018 in
1138 2977 1178 3019 eo
1193 2979 1249 3021 re-

212 3039 359 3104 stitutum
384 3050 432 3102 est
454 3039 612 3103 Cornelius
634 3040 800 3125 Cypriane.
846 3041 935 3127 Quin
956 3062 990 3104 re
1011 3041 1081 3126 ipsa
1103 3040 1250 3107 Cornelii

211 3124 264 3205 sit,
279 3123 460 3212 Cyprianus
474 3124 556 3188 infra
570 3124 672 3209 Epist.
687 3136 717 3200 7.
732 3125 896 3210 ambigere
910 3147 968 3188 nos
980 3147 1044 3188 non
1056 3125 1140 3189 sinit.
1163 3129 1248 3190 Eam

211 3210 264 3276 alii
281 3209 426 3296 epistolae
442 3208 671 3294 fragmentum,
686 3208 740 3274 alii
761 3207 922 3287 schedam,
937 3209 990 3273 alii
1011 3210 1165 3274 litterulas
1188 3232 1249 3306 ap·
1269 3226 1273 3232 ·

211 3295 330 3380 pellere
344 3294 479 3358 malunt.
510 3296 583 3381 Ipse
600 3293 783 3394 Cyprianus
797 3295 830 3359 in
843 3295 972 3359 laudata
985 3293 1129 3380 Epistola
1142 3306 1171 3369 7.
1188 3293 1247 3358 lst-

212 3389 295 3443 terus
307 3390 409 3443 vocat.
454 3379 498 3442 Iis
514 3400 670 3463 vero,qu1
693 3379 907 3466 fragmentum
931 3384 1057 3463 putant,
1075 3378 1179 3442 favere
1193 3379 1245 3443 vi·

211 3463 304 3527 detur
318 3463 433 3549 primo,
469 3462 535 3526 uod
557 3462 767 3542 Novatianus,
787 3464 910 3527 etiamsi
933 3462 1075 3525 nondum
1098 3463 1246 3528 nomina·

211 3561 275 3625 tus,
295 3547 384 3631 lrztjm
403 3485 544 3610 sceieruti
566 3545 697 3609 dominis
719 3547 879 3611 vocabulis
901 3546 1105 3631 designetur3
1127 3544 1246 3612 deindo

210 3632 299 3718 quod
328 3631 509 3718 Cyprianus
536 3631 682 3715 epistolae
711 3631 786 3695 huic
815 3631 1001 3707 rescribens,
1024 3632 1177 3695 nonnulla
1202 3633 1245 3698 ad

209 3717 387 3781 Evaristum
402 3730 435 3781 ct
449 3717 672 3781 Nicostratum
687 3716 852 3780 attinentia
863 3728 933 3786 turn
947 3715 1094 3779 didicisse
1106 3737 1140 3779 se
1151 3737 1245 3781 com·

211 3811 460 3885 memorat,quae
473 3800 504 3863 in
515 3800 570 3863 illa
580 3822 644 3863 nou
654 3799 821 3864 habentur.
840 3801 887 3863 At
897 3800 1069 3863 Novatiani
1080 3820 1198 3863 nomen
1211 3801 1245 3866 in
1291 3839 1293 3845 ·

211 3885 272 3949 hac
287 3885 422 3971 epistola
436 3885 585 3948 consulto
600 3884 708 3963 taceri,
723 3885 856 3971 ejusque
878 3885 951 3947 loco
972 3905 1149 3970 pronomen
1164 3886 1249 3950 suba

211 3971 312 4047 stitui,
334 3991 480 4054 sequens,
498 3970 538 4032 de
558 3969 650 4054 cujus
670 3970 853 4068 integritate
871 3970 976 4032 nullus
992 3969 1128 4047 dubitat,
1144 3969 1243 4035 fidem

211 4055 316 4131 faciet,
341 4067 454 4138 utpote
479 4055 596 4152 inqua
619 4053 789 4117 Cornelius
812 4053 925 4117 eadem
948 4054 1071 4118 ratione
1093 4075 1126 4118 se
1145 4056 1244 4139 gerit.

213 4142 287 4204 Hoc
301 4152 333 4203 et
349 4137 482 4202 subinde
495 4137 611 4202 inritati
625 4152 699 4202 suut
721 4138 773 4202 alii
794 4139 972 4225 pontifices,
987 4137 1247 4229 nominatimque
