2678 4756
529 276 811 346 munuum.
899 252 905 267 '
1130 294 1193 366 215

143 473 211 520 esse
227 451 267 517 de
287 451 381 517 mimo
395 450 447 517 vel
458 449 682 518 Atellanarum
698 449 827 530 ludicro,
841 446 869 514 oi
888 448 1029 536 aequeris
1048 448 1187 515 literam.

144 539 267 626 Apage
289 559 363 605 vero
387 537 484 605 hasce
505 537 766 624 allegoristarum
788 558 903 622 nugas,
939 535 1033 600 uibus
1053 549 1189 686 ppopter
1324 540 1327 545 ’

145 623 303 690 nonnulla
315 642 388 689 vere
402 624 513 711 typica
527 625 560 687 in
575 644 665 688 sacra
679 622 846 709 scriptura,
858 634 893 686 et
938 622 1051 709 iaquae
1095 645 1128 686 m
1140 620 1190 688 vel

143 708 271 796 tropice
285 709 421 796 prolata,
436 710 486 774 vel
500 708 664 795 ambiguae
680 706 962 795 interpretationis,
977 707 1089 794 magni
1104 706 1189 771 alio·

144 794 204 881 qui
219 792 276 859 viri
289 794 368 860 dum
386 794 467 860 alios
486 808 615 880 captare
630 794 790 874 volebant,
804 815 896 859 suam
910 793 1053 880 ipsorum
1068 793 1191 858 famam

144 879 312 945 luserunt.
356 881 552 969 Mysterium
572 889 682 945 autem
702 879 892 945 hu'uamodi
913 878 1122 965 expositionis
1143 879 1190 943 vi·

144 965 225 1030 deni
234 966 277 1030 ab
288 966 430 1056 Origene
442 965 596 1031 traditum
609 986 685 1031 cum
698 904 775 1030 aliii
785 978 856 1031 tum
870 967 902 1030 in
913 964 969 1029 lib.
980 965 1020 1029 iv.
1029 965 1081 1030 De
1092 963 1191 1028 Prin-

145 1050 239 1200 gipiis
252 1072 324 1152 cap.
335 1053 359 1116 i.
380 1055 412 1136 ᾗ.
427 1067 481 1129 15,
493 1053 558 1117 sive
572 1073 644 1138 cap.
660 1052 765 1139 primo
779 1049 965 1116 Philocolioe
978 1072 1055 1137 pag.
1072 1065 1120 1114 12.
1134 1049 1188 1115 ed.

208 1199 210 1202 .
236 1157 315 1202 ocri.
1182 1195 1185 1201 .

170 1156 313 1286 Pffm·
328 1221 352 1287 l.
365 1232 412 1298 17.
429 1229 458 1292 ὃς
472 1224 528 1284 tat·
541 1221 607 1288 ἦσαν
622 1229 651 1292 ὣς
666 1225 742 1306 iuga
753 1225 789 1285 rai
803 1222 971 1305 γιγινημίνα]
981 1220 1206 1287 Hoescheliuu.

146 1305 220 1371 vult
236 1305 346 1394 legere
365 1309 401 1383 ὥς
419 1308 490 1371 οὐδὲν
510 1303 592 1385 ἦσαν,
606 1311 642 1383 ὥς
661 1307 748 1392 ἕτερον
766 1306 848 1388 ἦσαν,
862 1310 897 1382 ὥς
911 1305 991 1394 ἕτερα
1005 1334 1035 1371 τ.
1049 1333 1082 1392 γ.
1124 1307 1189 1372 At-

146 1411 214 1478 que
230 1391 361 1457 additur
380 1391 480 1471 istud,
494 1394 530 1467 ὠς
552 1391 640 1479 ἕτερον
657 1391 739 1474 ἦσαν,
759 1393 792 1458 in
810 1393 988 1474 codicibus,
1002 1415 1084 1480 quos
1098 1393 1192 1458 affert

146 1475 183 1541 in
202 1476 289 1542 notis
305 1478 525 1544 Hoeschelius.
570 1479 634 1543 Sed
653 1479 788 1544 fortasse
808 1479 898 1544 locus
912 1500 1008 1544 sanus
1023 1489 1082 1558 est,
1095 1477 1191 1565 cujun

147 1560 272 1651 ibidem
293 1562 443 1628 Latinam
466 1562 576 1629 addidi
595 1565 903 1651 interpretationem.
948 1567 986 1629 In
1011 1564 1113 1629 verbis
1138 1585 1193 1628 se·

148 1647 336 1733 quentibuo,
355 1651 391 1724 035
413 1650 459 1713 etz
480 1650 576 1731 τόπον,
597 1650 788 1752 particulam
809 1654 844 1727 ὤς
863 1650 951 1718 dolet
970 1647 1191 1731 Hoeaohelius,

147 1752 225 1822 que
237 1733 331 1800 abeat
343 1756 364 1799 a
378 1746 518 1824 quatuor
531 1736 711 1804 codicibus.
