2678 4756
270 298 335 365 ¹30
606 276 974 345 ANNoTnTIONss

246 498 250 503 .
270 447 450 513 concilium
459 449 656 514 Toletanum
677 450 828 515 transisse
843 472 899 535 per
913 449 1215 550 Caesaraugustam,
1231 447 1315 515 istud

272 534 463 597 confirmare
479 534 622 599 fortassis
635 549 745 621 posset
756 535 815 600 iter
829 536 940 599 Sabini
948 554 983 599 et
994 535 1109 600 Felicis
1118 558 1178 622 per
1192 536 1315 600 Caesar·

272 634 457 704 augustam.
500 620 567 684 Sed
588 621 674 687 istud
697 643 762 686 non
784 621 913 687 aliunde
934 634 1062 685 constat
1082 644 1181 707 quam
1197 643 1238 686 ex
1251 643 1314 685 scr·

274 726 373 769 mone
395 704 501 770 sancti
524 706 698 772 Vincentii.
739 707 815 770 lam
840 706 932 793 quod
954 707 996 770 de
1018 707 1150 772 Vallata
1173 707 1316 771 Urbicus

272 788 347 853 istic
365 812 405 853 ex
421 791 546 855 Dextro
566 792 665 856 refert
678 791 833 870 Biturius,
854 793 888 856 id
909 814 985 855 vero
998 812 1115 856 vanum
1137 806 1202 871 est,
1223 790 1315 857 utiet

273 874 355 939 illud
393 876 461 939 uod
473 875 520 940 ait
532 877 618 962 apud
633 876 836 963 Cyprianum
851 899 911 963 pro
924 878 1172 965 Caesaraugusta
1183 877 1251 963 legi
1261 876 1315 941 de·

273 961 350 1024 berc
393 959 496 1026 allata
513 961 658 1042 Urbicum
701 983 777 1026 uam
798 964 884 1027 locat
903 985 968 1026 non
984 963 1081 1048 longe
1096 964 1139 1027 ab
1153 962 1313 1029 Asturica.

273 1046 387 1111 Nimia
408 1047 537 1112 miseria
559 1060 610 1113 est
632 1070 675 1112 au
717 1069 789 1112 cem
813 1070 885 1113 esse
909 1047 1074 1112 bominem
1101 1049 1210 1114 nimis.
1247 1048 1312 1113 Ba·

275 1152 430 1196 cuatus.

318 1218 415 1282 P.81.
430 1217 514 1281 l.33.
536 1217 564 1281 si
577 1217 640 1282 sibi
655 1217 703 1282 vel
718 1217 803 1282 laico
820 1218 896 1302 &cl
912 1218 1041 1283 Vrdesis
1059 1231 1174 1284 notam
1188 1218 1233 1284 ad
1246 1218 1313 1284 init.

269 1303 444 1388 superioris
458 1303 564 1389 Epist.
579 1303 764 1389 Synodicae.

318 1391 352 1452 P.
363 1402 415 1453 82.
432 1388 494 1451 l.2.
517 1388 677 1453 lutulenta
694 1387 850 1472 convivia]
873 1388 941 1453 Ubi
960 1389 1002 1454 de
1019 1388 1154 1455 ldolotb
1194 1389 1203 1403 ’
1236 1389 1313 1454 vesci

270 1474 457 1558 oportebat,
474 1494 533 1537 nec
546 1474 615 1537 sine
631 1473 785 1539 libatione
799 1473 842 1537 ad
856 1475 990 1560 profana
1004 1475 1138 1539 numina
1173 1475 1265 1539 'bere
1277 1476 1313 1540 li·

271 1559 351 1623 cuit.
381 1560 541 1623 Fessus.
593 1561 642 1622 Ex
665 1559 799 1624 Canone
821 1558 986 1648 Assyrani
1008 1560 1150 1626 Concilii
1171 1561 1313 1647 Septimo

270 1643 488 1730 puniebantur
509 1643 608 1708 etiam
631 1644 808 1709 Christiani
830 1643 888 1722 illi,
914 1645 970 1731 qui
990 1644 1155 1795 egusmodi
1175 1645 1313 1710 convivia

272 1730 403 1816 publica
416 1729 565 1807 obierint,
578 1729 724 1815 quamvis
737 1730 828 1795 cibos
841 1752 929 1810 suos,
944 1731 1001 1818 qui
1025 1754 1064 1797 us
1077 1731 1140 1818 ipsi
1154 1750 1312 1797 vesceren-

268 1832 328 1880 tur
341 1815 447 1894 domi,
460 1814 654 1879 attulissent.

317 1901 401 1967 lbid.
423 1900 457 1965 in
470 1900 625 1986 collegio]
653 1903 704 1965 lta
724 1922 839 1965 omnes
861 1901 937 1968 libri
959 1915 1082 1967 veteres
1101 1915 1139 1968 et
1158 1900 1311 1969 editiores

269 2008 388 2051 ornnes
404 1985 586 2051 Pameliana
604 1985 810 2073 antiquiores.
856 1988 1016 2052 Pamelius
1029 2008 1112 2074 ergo
1126 1988 1268 2054 mutavit
1278 2011 1311 2053 ex

271 2073 370 2137 unico
383 2071 498 2139 codice
510 2071 693 2158 Anglieano
706 2086 740 2135 et
754 2072 866 2158 posuit
877 2084 910 2136 ct
925 2072 1068 2146 colleaio.
1101 2072 1208 2224 guod
1221 2074 1310 2139 miror

270 2172 432 2223 retentum
449 2158 549 2222 fuisse
568 2159 600 2221 in
622 2157 853 2243 posterioribus
872 2140 1081 2223 editionibus.
1134 2164 1307 2225 absarus.

273 2245 393 2309 Praeter
408 2243 609 2328 pontificum,
627 2245 773 2307 Fratrum
787 2243 953 2324 arvalium,
975 2243 1181 2323 Potitiorum,
1200 2245 1306 2331 Angu-

204 2396 209 2401 ,
272 2351 357 2406 rum,
365 2328 519 2413 collegia,
527 2343 563 2391 et
571 2328 635 2392 alia
644 2328 676 2393 itl
684 2349 809 2477 penum
831 2352 906 2414 quae
918 2329 1087 2394 Ethnicam
1098 2329 1304 2395 idololatriam

270 2416 418 2500 proxime
435 2413 644 2499 spectabant3
668 2435 690 2498 p
704 2414 807 2478 urima
822 2414 952 2479 bierunt
966 2438 1040 2502 quae
1055 2414 1097 2479 ad
1116 2416 1246 2502 reipub.
1258 2414 1304 2481 atl-

273 2499 554 2578 ministrationem,
578 2497 620 2562 ad
642 2499 889 2584 negotiationes,
911 2513 945 2564 et
966 2500 1102 2565 artificia
1124 2501 1304 2586 pertimere,

271 2608 348 2671 quae
373 2583 504 2670 quidem
529 2584 641 2648 omnia
664 2585 727 2648 snb
747 2585 851 2649 tutela
871 2585 1008 2673 alicujus
1028 2586 1155 2672 profani
1178 2586 1303 2651 numinis

271 2670 538 2747 collocabantur3
560 2684 592 2735 et
608 2669 742 2755 proinde
758 2670 826 2734 fieri
837 2693 902 2735 non
915 2671 1034 2757 potuit,
1051 2684 1089 2735 ut
1100 2671 1178 2758 quis
1193 2672 1254 2737 illis
1267 2672 1304 2734 in-

273 2770 419 2835 teresset,
429 2757 509 2844 quin
522 2755 632 2819 cultus
644 2755 736 2819 istius
751 2755 839 2819 fieret
853 2757 1023 2842 particeps.
1047 2756 1215 2822 Fuscus.

318 2842 403 2905 lbid.
417 2843 484 2906 lt.
504 2841 592 2927 apud
615 2841 783 2927 prophana
800 2841 988 2927 sepulchra]
1013 2842 1177 2928 Rigaltius
1199 2843 1255 2919 ait,
1274 2841 1303 2903 ln

273 2926 312 2991 iis
324 2949 399 2990 vero
413 2927 569 3012 sepulcris
582 2941 675 2990 erant
689 2926 829 3011 plurima
843 2950 916 3014 quae
932 2927 975 2992 ad
988 2926 1069 2991 ritus
1083 2927 1238 2993 ethnicos
1247 2948 1306 3013 per·

272 3013 432 3091 tinebant,
452 3012 570 3099 quibus
584 3012 825 3076 communicare
838 3028 874 3077 et
887 3013 1101 3077 contaminari
1116 3013 1305 3088 videbantur,

272 3099 330 3185 qui
351 3113 498 3162 mortuos
515 3119 592 3161 suos
609 3096 675 3159 illic
689 3097 911 3182 deponebant:
932 3113 966 3162 et
981 3096 1045 3162 hoc
1059 3098 1131 3162 solo
1146 3098 1259 3184 partiei

272 3184 466 3250 idololatriae
482 3183 580 3247 fuisse
595 3181 795 3246 dicebantur.
831 3182 896 3246 Sed
912 3197 945 3247 et
960 3184 1094 3247 minime
1107 3183 1262 3251 convenio
1296 3196 1308 3245 t
1327 3208 1332 3219 ·

252 3316 255 3321 -
274 3270 468 3335 Christianae
481 3268 631 3333 charitati
646 3267 825 3352 unitatique
841 3269 1086 3346 Ecclesiasticus,
1108 3271 1246 3334 fratrum
1260 3268 1308 3333 de·

273 3359 461 3425 innatorum
496 3375 636 3440 corpora
667 3353 822 3438 sepulcris
850 3353 967 3418 inferre
1001 3354 1148 3419 hostium
1181 3354 1308 3421 nominis

273 3440 467 3518 Christiani3
489 3440 582 3525 quasi
601 3438 661 3524 ipsi
682 3438 837 3517 defundi,
860 3451 929 3504 tum
947 3439 1086 3504 maxime
1107 3462 1189 3505 eum
1212 3462 1308 3505 more·

273 3540 393 3604 rentur,
412 3540 505 3590 extra
528 3523 698 3588 ecclesiam
724 3524 870 3589 fuissent.
914 3526 992 3590 Jure
1013 3525 1114 3610 igitur
1130 3526 1309 3591 Christiana

272 3610 453 3676 fraternitas
475 3608 688 3673 Ethnicorum
713 3609 852 3695 collegia
874 3610 1062 3696 despuebat,
1084 3623 1122 3676 ut
1143 3611 1308 3698 pessilem

269 3717 450 3781 eorumque
475 3694 623 3779 sepulcra
648 3708 683 3758 ut
709 3695 890 3759 conditoria
924 3708 1141 3761 mortuorum.
1188 3697 1308 3763 Etenim

272 3783 382 3848 fideles
406 3781 546 3845 habuere
571 3802 630 3844 sua
654 3783 827 3867 κοιμητήρια,
850 3779 1078 3845 dormientium
1101 3780 1308 3863 r¹idelioct,in

269 3890 362 3955 spem
369 3865 619 3932 ‘resurrectionis
633 3887 670 3930 ae
685 3866 847 3930 beatitatis
859 3881 998 3932 aeternae.
1043 3865 1307 3954 Hujusce'anoem

269 3956 339 4056 spei
355 3954 472 4040 pignus
481 3952 549 4018 illis
560 3951 622 4016 luit
638 3951 800 4030 Christus,
833 3953 865 4015 ui
876 3952 1044 4038 depositus
1057 3952 1090 4016 in
1103 3954 1258 4039 sepulcro
1265 3974 1308 4019 tc·

267 4041 347 4110 vixit
367 4037 578 4123 surrexitque.
621 4038 674 4103 Ac
697 4037 821 4103 mulieri
847 4060 884 4103 us
904 4039 1087 4103 Dominum
1110 4037 1145 4101 in
1166 4038 1308 4126 sepulcro

266 4125 487 4215 quaerentibus
508 4120 635 4187 obviarn
657 4122 761 4189 fanus
780 4123 917 4209 angelus
940 4123 1032 4202 dixit,
1055 4125 1093 4187 ria
1107 4121 1242 4203 ἔςινῶὃι,
1255 4144 1307 4189 act

262 4226 314 4287 est
336 4213 397 4279 lio.
440 4209 507 4307 Qui
528 4229 604 4275 sane
627 4207 742 4275 titulus
761 4220 852 4278 tanto
874 4209 1065 4302 magnificus
1084 4221 1118 4273 et
1135 4208 1306 4297 gloriosus,
