2678 4756
282 285 334 352 IN
358 284 568 360 uothutl
588 284 795 359 NEOCW.
818 283 1047 353 CANONES.
1115 302 1180 382 47⁵

141 457 258 543 ⁴quenti
271 479 395 523 canone
412 458 474 541 (vel
492 458 599 544 potius
620 457 682 525 hoc
704 457 786 537 solo,
800 457 958 544 siquidem
974 457 1183 548 inplerisque

145 543 342 608 editionibus
358 545 384 608 is
399 543 475 608 huic
490 544 711 631 conjungitur)
727 543 768 613 de
783 545 950 630 Episcopis
965 558 999 609 et
1014 546 1184 634 Presbytea

144 629 189 693 ris
205 634 287 715 ruris
300 631 418 715 agitur,
434 643 591 715 quatenus
609 631 650 693 ab
670 630 709 694 iis
729 629 982 715 distinguuntur,
997 630 1053 717 qni
1072 633 1106 697 in
1125 654 1183 698 ur·

144 715 242 778 bibus
257 715 424 779 constituti
439 729 537 794 sunt3
554 729 592 789 et
614 716 693 783 tales
712 715 841 803 quidem
865 715 1055 802 Presbyteri,
1075 717 1182 806 ἐπιχώ-

142 825 197 884 pror
218 798 414 885 πρεσὸότερον,
429 814 462 865 et
484 801 635 887 Episcopi
653 802 859 888 χωρνπίσκοπον
882 802 1095 886 appellantur.
1139 805 1183 875 Et

143 885 209 949 illis
231 887 262 950 in
285 886 371 951 urbis
391 887 580 966 Dominic0‚
596 900 752 973 praesente
767 887 929 974 Episcopo
943 901 1000 952 aut
1014 890 1184 978 Presbyte-

143 971 189 1035 ris
206 972 305 1048 urbis,
320 972 434 1036 offerre
448 973 656 1056 prohibetur3
673 973 843 1038 bisantem
859 973 1065 1058 permittitur.
1087 975 1184 1041 Adeo

144 1072 184 1121 ut
205 1059 232 1122 si
254 1058 378 1121 nullum
401 1058 488 1122 alind
508 1081 545 1122 su
570 1072 691 1144 peteret
711 1072 951 1149 argumentum,
971 1059 1045 1123 hinc
1067 1061 1182 1126 saltem

144 1144 232 1207 clare
252 1144 328 1208 satis
347 1143 520 1223 evincatur,
536 1079 797 1230 dhorepiseopos
819 1166 883 1209 non
904 1144 1002 1209 fuisse
1022 1147 1184 1233 ἐπιχωρίους

143 1227 363 1316 πρεοὸντέρονζ,
378 1241 491 1314 utpote
512 1253 531 1294 a
554 1231 671 1317 quibus
693 1231 745 1294 hic
767 1230 965 1316 apertissime
977 1231 1185 1319 distinguun-

144 1329 216 1379 tur.
232 1377 234 1380 ,
253 1317 371 1400 Neque
391 1337 467 1378 sane
488 1315 554 1380 ulla
574 1315 663 1381 reddi
685 1329 791 1401 potest
808 1317 901 1395 ratio,
917 1338 1016 1404 quare
1029 1318 1184 1406 illi-xopt-

143 1399 286 1477 rrionorror,
309 1400 342 1477 hi
366 1401 507 1487 ἐπιχώριον
529 1400 712 1489 σρεσὸὗτεροο
732 1401 934 1467 dicerentur:
958 1402 1017 1467 nisi
1036 1405 1123 1503 quod
1137 1406 1185 1472 illi

144 1508 218 1550 vere
234 1487 396 1572 Episcopi,
412 1501 444 1549 et
468 1487 503 1549 hi
521 1509 593 1551 vere
614 1487 794 1572 Presbyteri
813 1487 846 1551 in
863 1509 935 1552 rure
949 1491 1116 1555 c'onstrtuti
1131 1512 1183 1556 es·

145 1586 227 1637 sent.
273 1573 337 1637 Sed
353 1572 393 1635 de
405 1570 659 1658 ‚Chorepiscopis
674 1572 801 1651 videsis,
815 1595 887 1661 quae
903 1574 1004 1638 fusius
1016 1597 1186 1641 commen·
1288 1641 1290 1649 s

144 1659 204 1723 tati
220 1680 331 1722 sumus
343 1657 377 1724 in
392 1659 652 1727 annotationibus
665 1657 707 1723 ad
726 1657 887 1723 decimum
910 1660 1039 1725 tertium
1062 1663 1185 1750 Synodi

144 1743 357 1830 praecedentis
370 1743 434 1811 sive
446 1747 629 1830 Ancyranae
644 1765 812 1809 canonem.
834 1745 1032 1810 stnnnc.

188 1832 225 1911 P.
239 1829 312 1893 461.
332 1830 354 1892 l.
370 1845 402 1895 5,.
416 1829 604 1929 'opocpigsnd
625 1831 676 1895 lta
691 1851 785 1893 sensu
803 1830 924 1894 usitato
944 1829 1007 1895 hoc
1027 1833 1184 1899 vocabulo

143 1914 294 1979 adhibito
316 1915 431 1979 Canon
450 1916 563 2000 incipit
582 1914 700 2001 Spnodr'
715 1915 863 1980 Nicoenoe
877 1934 998 1980 xvur.
1016 1914 1129 1981 Ἦλθεν
1148 1925 1185 1995 εἰς

144 2006 194 2079 τὴν
217 2000 304 2084 ἁγίαν
328 2002 376 2068 καὶ
393 2000 538 2086 μεγάλην
553 2000 672 2080 coridon,
698 1999 740 2067 dri
762 1999 789 2064 ἓν
812 2027 870 2065 τιον
897 2000 988 2075 τόνοις
1011 2001 1058 2082 κα)
1078 2004 1184 2070 πόλεσι

144 2091 203 2171 τοῖς
223 2085 422 2173 ωρεοὸντέςονς
435 2091 483 2164 τὴν
498 2085 661 2172 εὔχαρις-ίαν
680 2092 705 2150 oi
722 2086 838 2151 διάκονον
855 2086 980 2151 διδόασιν·
1009 2087 1071 2175 drop
1090 2088 1151 2154 οὔτε
1162 2096 1186 2159 d
1257 2138 1258 2142 ,

144 2171 320 2251 nascimur'irs
334 2179 349 2249 ἡ
363 2174 496 2250 συνήθειαι
509 2171 668 2259 παρέδωκε,
686 2173 749 2246 τοὺς
767 2171 893 2253 ἐξουσίαν
905 2176 944 2255 μὴ
958 2171 1075 2258 ἔχοντας
1088 2200 1185 2263 προο-

143 2257 245 2344 pa‘pur,
260 2257 511 2344 coir-opnopipscs
524 2259 618 2336 δοδόνον
631 2261 663 2322 τὸ
677 2265 763 2340 σῶμα
775 2263 825 2322 τοῦ
838 2263 954 2349 Χρνςοῦ.
1264 2254 1270 2268 ’

162 2338 164 2343 ’
191 2334 275 2408 lbid.
289 2344 311 2408 l.
326 2349 366 2414 6..
380 2344 519 2430 παρόντος
541 2343 689 2409 ἐπισκόπου
710 2342 726 2420 ἢ
745 2342 943 2429 πρεοὸντὲρονν
960 2344 1086 2430 πόλεως]
1102 2349 1194 2432 Ηῐεῡ,

144 2431 243 2495 verba
266 2429 297 2493 in
324 2429 400 2500 MS.
427 2429 687 2499 Amerbuchiano
711 2428 941 2511 desiderantur.
960 2503 964 2514 ¹
985 2430 1052 2496 Sed
1073 2454 1186 2500 omnes

145 2515 201 2579 alii
223 2514 351 2579 codices
374 2515 492 2594 Graeci,
506 2537 576 2580 una
589 2537 664 2580 curn
683 2515 808 2595 Joanne
826 2513 1046 2595 Antiocheno,
1060 2518 1187 2605 legunt,

145 2599 287 2688 παρόντος
301 2599 437 2665 hunius
452 2601 467 2678 ἢ
482 2599 662 2688 opscGors'gs
675 2599 789 2674 πόλεως.
814 2599 910 2665 Adeo
925 2615 962 2666 ut
977 2614 1085 2668 noster
1099 2605 1188 2672 solus

145 2687 343 2757 Bodleianus
364 2685 559 2773 ωςεσθυτέροον
580 2687 678 2773 legat.
721 2685 787 2776 Sed
802 2699 922 2751 veteres
938 2689 1071 2753 Latinos
1090 2690 1188 2756 inter·

146 2784 253 2857 pretes
267 2772 312 2836 ita
325 2772 423 2836 etiam
439 2773 556 2858 legisse
569 2794 609 2837 ex
623 2794 735 2837 eorum
752 2772 948 2851 versionibus
962 2789 1071 2860 putet.¹
1084 2777 1190 2842 Nam·

147 2878 214 2943 que
229 2869 319 2921 vetus
333 2857 489 2942 interpres
505 2858 608 2935 vertit,
619 2869 774 2941 proescrzte
785 2857 936 2942 Episcopo
952 2870 1008 2923 out
1021 2861 1188 2948 Presbyte-

148 2942 194 3007 ris
217 2941 364 3007 civitatis.
400 2943 579 3031 Dionysius
604 2943 749 3028 Exiguus
770 2943 925 3028 Episcopo
946 2957 1113 3028 praesente,
1138 2947 1189 3013 cel

146 3027 336 3114 presbyteris
358 3028 443 3093 urhis
469 3028 576 3113 ipsius.
630 3029 684 3093 Sic
706 3028 802 3095 etiam
827 3030 990 3105 ¹Hervetus
1012 3051 1052 3094 ex
1075 3032 1189 3098 codice

145 3113 289 3193 ¹Tiliano,
302 3124 456 3198 pressente
470 3114 623 3198 Episcopo
637 3111 687 3178 vel
699 3113 784 3179 urhis
798 3113 1013 3201 Ροεοίνοίονοό.1
1044 3116 1109 3180 Sed
1127 3117 1189 3183 Isi-

150 3199 248 3264 dorus
272 3200 450 3278 Mercator,
469 3197 678 3284 proescntt'dus
694 3199 859 3285 Episcopis
872 3199 923 3264 vel
936 3200 1129 3287 Presbyteris
1143 3204 1188 3269 ci·

150 3284 272 3362 vitatis,
292 3306 329 3348 ac
351 3284 378 3348 si
398 3286 551 3349 ἰπνοκὸποον
573 3293 664 3372 aequo
685 3306 723 3358 ac
743 3284 941 3370 ονρεσέοτέροον
960 3286 1102 3385 legisset.
1145 3290 1190 3357 Et

149 3370 223 3435 haec
244 3369 376 3456 quidem
400 3372 495 3435 verbu
515 3369 691 3435 necessaris
710 3392 792 3450 esse,
806 3393 846 3435 ex
860 3373 1066 3456 sequentibus
1110 3386 1189 3456 stet,

150 3456 209 3520 ubi
224 3455 352 3534 dicitur,
366 3459 412 3518 ἐὰν
433 3458 460 3518 δὲ
482 3460 585 3521 indos.
608 3457 806 3521 BE'VEREG.
850 3458 975 3521 Vocem
993 3482 1071 3544 arpeo
1090 3458 1190 3546 nripsn

123 3590 125 3595 ,
150 3556 335 3627 agnoscunt
354 3563 418 3604 non
436 3554 563 3607 tantum
579 3541 692 3625 codices
706 3541 814 3690 scripti
828 3541 992 3607 Bodleioni
1005 3565 1117 3624 omnes,
1131 3567 1189 3610 ex·

150 3649 189 3693 ce
212 3627 253 3691 tis
270 3626 398 3690 duobus
418 3625 630 3693 illis-Joannis
644 3626 765 3691 Antioc
792 3626 873 3690 .sed
892 3629 989 3692 etism
1009 3628 1094 3694 edita
1111 3632 1190 3697 Con·

151 3648 227 3778 sidia
241 3724 338 3799 atque
356 3713 503 3791 Curiones,
519 3715 736 3799 Zonarasque,
749 3712 912 3791 Balsamo,
927 3727 959 3777 et
973 3715 1155 3782 Aristonus.

196 3798 281 3863 Ibid.
296 3799 319 3863 l.
333 3811 364 3874 7.
386 3801 413 3861 ἐν
428 3799 512 3885 εὐχῇ]
530 3800 671 3863 Zonaras
687 3802 713 3861 ἐν
727 3801 809 3884 εὐχῇ,
823 3799 881 3876 ἦτον
896 3803 923 3862 ἐν
938 3799 1078 3886 ἱερνργίας
1091 3808 1190 3891 καιρῷ,

151 3882 231 3950 dum
246 3905 296 3949 res
310 3905 400 3948 sacra
414 3884 589 3970 peragitur.
610 3885 814 3948 Hsnourn.

197 3968 281 4034 lbid.
296 3970 319 4034 l.
331 3983 360 4034 8.
384 3975 475 4056 annin]
493 3970 584 4054 μόνος]
606 3970 714 4045 Immo
735 3975 863 4047 κληθῶσν
877 3967 963 4053 μόνον,
980 3972 1190 4057 quemadmo-

152 4055 232 4121 dum
248 4056 365 4142 legisse
379 4054 527 4120 vidcntur
545 4055 724 4141 Dionysius
743 4055 888 4142 Exiguus
909 4068 942 4120 et
963 4056 1105 4122 lsidoms
1123 4060 1190 4127 Vct.

151 4141 265 4210 Iatioi
278 4143 477 4226 Interpratcs,
492 4163 630 4229 quorum
646 4140 702 4205 ille
719 4139 891 4209 habet—et
910 4141 954 4227 od
970 4141 1107 4208 dandum
1121 4168 1191 4212 ora·

152 4227 267 4308 tionem
290 4240 455 4309 vocentur,
478 4226 636 4311 solidare
661 4225 822 4308 dedebam,
844 4226 987 4313 Isidoms
1008 4241 1197 4298 autem-ot
