2678 4756
273 206 337 291 386
603 212 1012 283 ANNOTATIONES

277 374 389 438 satoris
408 374 522 439 scilicet
542 399 673 443 sammaa
692 379 738 444 rei
758 382 856 467 apud
872 380 1133 480 Alexandriam
1147 378 1272 477 gendari

278 474 335 545 pro
350 460 502 547 dignitate
515 485 552 525 ac
563 466 777 551 praerogatiua
796 468 946 533 honoris
957 470 1115 547 Romam,
1123 476 1150 531 st
1203 462 1274 529 4οῶ

281 543 361 608 tibus
383 546 586 645 quotidiajns
607 550 738 615 dicebat.
776 553 1005 640 Hujusmodi
1026 554 1128 619 etiam
1181 551 1188 564 ’
1211 548 1276 617 itta

280 631 414 695 ecclesia
430 632 644 698 Timuuarmn
660 637 847 723 episcopum
870 640 936 705 uir
952 639 1087 705 cunctis
1100 637 1132 703 irc
1141 634 1277 724 panti*

279 716 364 781 ribus
378 740 414 780 ac
427 718 600 784 muneribus
614 743 736 788 summa
751 746 824 787 cum
840 722 955 791 laude
966 724 1173 814 perfunctus,
1183 733 1207 787 ct
1216 720 1277 809 it*

282 800 426 901 Iosophiae
439 804 550 867 stadiis
564 805 729 871 admodum
744 808 863 875 clartu.
910 812 991 899 Qui
1013 835 1093 877 curu
1114 806 1237 875 inuuunt

280 899 348 952 παπ
362 901 454 975 atque
469 889 575 969 amici,
589 892 718 979 quidam
735 894 834 959 etiam
848 920 894 959 ax
912 896 1173 987 magistmtilrus
1183 904 1247 981 atqu

280 975 398 1038 noratis
412 998 460 1039 eos
474 992 619 1062 rogarent
631 1004 643 1057 ,·
657 1002 726 1043 cunr
749 980 840 1045 ‘adea
855 980 935 1066 ipse
950 1006 1010 1048 eos
1024 976 1280 1049 cohortaretum'

281 1060 415 1211 issaram
427 1059 576 1140 misereri,
591 1073 621 1126 et
643 1003 789 1131 uroriias
811 1088 852 1129 ac
876 1066 1003 1143 iil-aris
1023 1070 1098 1133 suis
1116 1060 1279 1133 mind

290 1157 369 1211 ant:
392 1168 454 1210 nun
477 1168 550 1209 uam
565 1147 612 1211 iris
627 1149 766 1215 carnibus
785 1150 906 1216 adduci
930 1164 1136 1239 potumrnt,
1148 1152 1283 1217 utute!

281 1254 442 1298 conseruan
466 1254 495 1295 a
510 1253 614 1312 causa,
625 1233 748 1300 diuinas
764 1236 847 1325 leges
861 1238 903 1303 de
920 1240 1134 1329 confessione
1146 1250 1176 1304 et
1185 1236 1283 1327 ποῇ’.

280 1318 413 1383 nominis
432 1314 548 1381 Christi
570 1318 652 1382 latas
672 1332 901 1387 contemnerent
917 1350 932 1389 .-
961 1326 1026 1390 sed
1043 1324 1141 1391 viridi
1160 1348 1194 1390 ac
1206 1320 1289 1409 piib
1338 1377 1339 1390 2

278 1404 369 1491 piico
384 1402 496 1481 auimo,
510 1424 562 1469 scu
583 1405 687 1488 potius
705 1407 852 1494 religiosa
868 1431 907 1474 ac
925 1410 1007 1475 Deo
1028 1410 1146 1475 dicata
1163 1402 1291 1489 autad,

281 1513 384 1556 uersus
398 1511 498 1553 ornnes
508 1490 628 1574 judicis
641 1492 744 1555 rninas
758 1504 787 1557 et
804 1494 1026 1562 contumelias
1047 1494 1145 1562 ambo
1162 1502 1289 1583 pastura

280 1577 378 1642 securi
390 1574 525 1661 percussi
536 1586 618 1639 sunt.
642 1578 753 1641 Verum
764 1578 1035 1667 quandoquidem
1044 1578 1291 1648 Priamus

283 1684 385 1727 aarum
406 1659 578 1746 disciplinis
600 1663 740 1747 apprime
760 1675 917 1729 uersatum
931 1666 1060 1753 fuisse
1083 1662 1293 1749 recitarat·

282 1771 366 1813 uuna
381 1748 523 1834 prodeat,
540 1759 604 1812 tuor
628 1749 665 1812 de
687 1748 785 1848 seipso
809 1750 1038 1817 testimonium
1062 1754 1216 1833 dicturus,
1257 1748 1296 1837 'ti¹

283 1833 495 1921 andefuerit:
516 1845 582 1898 turn
596 1846 753 1922 martyria
766 1835 826 1901 iila
840 1858 915 1924 quea
925 1852 995 1923 per
1011 1838 1050 1903 id
1063 1851 1192 1927 tenipus

283 1922 363 1987 driae
377 1919 458 1985 conti
481 1931 583 1999 eruant,
599 1920 774 1985 accuratius
788 1944 883 2008 quarn
900 1944 960 1987 nos
982 1923 1162 1991 relaturus
1175 1918 1294 1991 disca&

280 2008 343 2073 EX
358 1940 494 2095 epistoia
504 2005 624 2071 Phileae
639 2005 680 2070 ad
693 2008 863 2073 Thmuitas
878 2008 940 2072 &a

296 2090 300 2095 ’
324 2094 439 2159 Latine
452 2104 562 2157 extant
573 2095 659 2156 Acta
674 2093 856 2158 Sanctorum
871 2091 1006 2160 Ptileae
1020 2106 1056 2161 et
1073 2092 1242 2163 Plrilosoati
1252 2110 1295 2159 a!

281 2178 358 2245 alibi
377 2195 447 2246 tum
472 2177 558 2264 apud
581 2178 770 2244 Ruinartum
798 2178 832 2244 in
853 2178 1081 2247 Actis‘Mart
1108 2206 1183 2249 rum
1202 2180 1237 2249 ad
1252 2196 1297 2281 pt·

282 2280 352 2346 494.
378 2264 429 2330 ed.
457 2262 594 2328 Amstel.
622 2285 694 2350 quae
719 2265 850 2351 quidem
876 2286 952 2329 cum
986 2206 1137 2335 Euseiii
1166 2278 1298 2335 natm

283 2354 359 2418 satis
381 2354 463 2416 bene
484 2349 676 2414 conveniunt
702 2350 872 2437 Rufinique
895 2352 1168 2420 accessionibus.
1209 2354 1298 2418 Pam

284 2438 382 2503 fuisse
410 2452 583 2522 utrumque
613 2449 784 2524 martyrem
813 2434 1028 2502 Alexandriae
1064 2440 1215 2528 plerique
1240 2448 1300 2501 aaa·

285 2540 394 2603 mant3
418 2544 566 2606 annoque
584 2534 654 2600 307,
674 2535 712 2586 ut
733 2522 843 2587 statuit
863 2520 1120 2605 Tiliemontius,
1137 2514 1300 2591 Mensa

287 2611 348 2673 vol.
360 2634 388 2672 v.
407 2631 439 2692 p.
456 2621 521 2684 194.
539 2606 589 2670 ed.
605 2606 733 2671 Bruxel.
751 2608 782 2670 in
800 2608 833 2671 S.
848 2610 943 2671 Petro
957 2607 1064 2674 Alea.
1083 2625 1150 2677 art.
1164 2631 1196 2691 9.
1230 2608 1302 2674 cue·

286 2714 357 2762 ram
387 2692 575 2757 Gallandius
602 2708 692 2756 tomo
715 2695 754 2757 iv.
781 2692 986 2756 Bibliotheca
1013 2716 1089 2760 suae
1119 2701 1250 2763 Patrurn
1266 2690 1304 2755 11⁰⁰

288 2782 406 2848 Phileae
421 2779 636 2864 fragmentum
652 2800 805 2843 unacum
822 2777 942 2842 valesii
957 2777 1236 2848 adnotationibus
1247 2776 1305 2864 adju

177 2870 180 2875 ’
287 2870 342 2934 cit.
387 2864 563 2952 Epistolam
588 2886 672 2943 vero,
688 2886 784 2963 quam
801 2864 886 2927 idem
901 2864 947 2927 vir
962 2863 1003 2928 cl.
1022 2866 1190 2953 adposuit
1204 2877 1307 2956 quum

286 2955 510 3042 episcoporum
532 2950 572 3013 ad
592 2950 774 3028 Melenum,
794 2948 964 3036 Hesychii,
987 2951 1185 3032 Pachomii,
1207 2946 1309 3036 (Parn-

287 3042 386 3106 rniurn
408 3060 525 3102 nomen
546 3036 656 3101 scribit
674 3036 843 3112 Eusebius)
865 3033 1049 3113 Prodromi‚
1069 3034 1310 3126 Phileaeque,i1r

287 3150 355 3197 sam
370 3146 520 3190 unacum
535 3121 635 3185 literis
650 3144 669 3186 a
686 3123 780 3185 Petro
792 3118 1012 3184 Alexandrino
1028 3121 1076 3186 ad
1092 3125 1264 3189 Meletium
1276 3140 1310 3183 su

288 3200 473 3302 peneadem
490 3230 523 3272 re
540 3206 664 3293 scriptis
683 3207 759 3270 huic
779 3206 840 3291 ipsi
860 3206 1046 3292 fragmento
1071 3204 1312 3297 conjungendam

289 3301 377 3366 duxi.
407 3300 504 3361 Porro
519 3306 592 3378 post
606 3292 774 3378 epistolam
790 3304 926 3377 quatuor
938 3288 1060 3355 horum
1080 3297 1259 3379 praesulum
1270 3290 1314 3354 hoc

289 3385 399 3452 scribit
420 3383 460 3445 de
483 3377 619 3443 Meletio
637 3377 835 3442 collectionis
857 3375 1019 3451 historica
1041 3394 1178 3459 auctor,
1195 3376 1316 3445 onata

292 3483 396 3536 autem
418 3468 466 3531 ln's
487 3463 633 3550 episcopis
651 3461 839 3548 preshyteris
862 3484 899 3525 ac
921 3460 1108 3527 diaconibus
1129 3461 1317 3530 Alexandria

292 3556 376 3643 apud
389 3574 537 3617 carcerem
555 3549 741 3636 martyrium
760 3547 862 3633 passis
874 3546 1030 3634 ingressus
1043 3561 1095 3613 est
1112 3551 1227 3615 statim
1239 3546 1317 3615 Aiac-

291 3639 445 3708 andriam.
655 3699 658 3704 .

338 3729 372 3791 P.
387 3738 457 3800 377.
480 3722 502 3786 Ι.
517 3728 546 3786 6.
572 3723 649 3784 Ἀπὸ·
668 3728 721 3783 τῶν
746 3717 850 3781 Φιλίου
875 3720 949 3801 πρὸς
971 3717 1118 3800 Θμεΐτας
1145 3748 1170 3806 γ
1205 3714 1320 3805 puisat]

293 3817 377 3882 Haec
391 3809 487 3874 verba
501 3806 685 3892 majusculis
699 3804 798 3868 literis
820 3802 986 3868 scribenda
1001 3819 1080 3868 sunt
1096 3807 1157 3870 ad¹
1181 3803 1321 3873 istinctio·

292 3916 379 3967 nem.
424 3897 467 3959 Et
480 3893 511 3957 in
528 3893 630 3977 Regio
646 3891 775 3976 quidem
790 3888 902 3953 codice
916 3911 935 3951 a
948 3887 1075 3975 reliquo
1092 3889 1323 3957 textumodico

292 3981 457 4054 intervallo
471 3992 666 4065 separantur.
711 3977 749 4039 ln
770 3974 933 4038 Medicaeo
952 3984 1063 4038 autem
1084 3975 1177 4041 libro
1194 3977 1325 4042 locantur

287 4074 334 4141 ¹ad
356 4067 553 4156 marginem:
582 4064 613 4126 in
639 4061 807 4126 Mazarino
827 4071 861 4123 et
883 4059 966 4124 Fuk.
988 4060 1324 4127 codiccomittuntu.

293 4161 353 4224 Est
372 4170 478 4222 autem
495 4149 632 4220 Thmuis
653 4145 990 4234 urbsAugustanicae.
1037 4145 1131 4211 Hinc
1153 4146 1243 4235 apud
1261 4142 1325 4231 Epi·
