2678 4756
242 294 294 363 m
315 294 348 365 s,
371 292 588 363 commu
611 292 906 377 recensum.
1042 312 1084 383 st

59 466 219 541 ocbertum·
246 466 495 554 Chrysostomus
516 464 661 530 Humilia
675 464 780 530 toln
801 464 1009 531 Matthaeum.
1031 491 1045 529 o

60 554 124 642 ipris
138 552 179 617 brt
192 558 233 639 τῷ
248 556 310 639 ἱερεῖ
320 553 371 635 po'r
405 550 485 632 θέμις
497 552 530 613 τὸ
542 555 578 614 rei
592 550 710 633 αἵματος
724 550 861 631 &abablius
874 551 1015 638 ποτήριον.
1046 492 1088 617 hl

60 654 112 705 est
128 660 193 703 non
210 637 295 703 vides
309 580 444 724 qualiter
464 635 525 701 soli
546 635 704 699 sacerdoti
724 634 799 699 licet
820 636 952 699 calicem
972 636 1088 701 Domi-

59 720 125 789 n'ici
145 724 308 808 sanguinis
326 722 477 808 praebere.
521 722 569 784 Ex
584 720 708 806 quo-ita
721 735 963 805 argumentatur
979 720 1088 809 Chry·

59 822 234 873 sostomus.
278 808 330 873 Tu
351 829 384 871 er
408 806 597 875 osacerdos
616 828 661 884 es,
677 827 750 869 cum
771 828 883 891 panem
904 819 937 870 et
956 807 1088 872 calicem

58 894 184 981 praebes
205 891 347 979 pauperi.
384 828 432 955 in
451 890 646 1039 puibusdam
672 904 778 955 temen
802 892 942 955 ecclesiis
964 891 1091 957 diaconi

58 978 284 1044 eucharistiam
308 976 428 1063 populo
473 975 643 1041 irridebant.
692 975 794 1062 ldque
814 977 944 1041 innuere
966 978 1091 1043 videtur

59 1079 174 1131 auctor
185 1063 396 1150 quaestionum
409 1063 520 1126 veteris
531 1078 565 1125 et
578 1060 649 1125 novi
663 1060 859 1127 Testamenti
873 1084 943 1210 epp.
959 1076 1024 1127 101.
1039 1064 1089 1127 his

59 1148 175 1213 verbis.
211 1147 344 1212 Dioconi
366 1169 438 1233 ergo
460 1147 531 1211 ordo
552 1157 597 1209 est
619 1146 753 1230 occipere
773 1169 793 1209 o
815 1168 898 1209 socer
920 1160 978 1224 ote,
994 1159 1024 1212 et
1044 1148 1090 1213 sic

59 1232 136 1298 dore
153 1232 248 1319 plebi.
293 1234 523 1319 Hieronymus,
538 1254 594 1295 seu
612 1231 787 1317 quisalius,
803 1232 834 1296 in
856 1231 937 1296 libro
955 1232 996 1297 de
1014 1256 1087 1319 sep-

59 1333 126 1403 tem
141 1318 295 1403 gradibus
308 1317 464 1383 ecclesiae:
481 1316 567 1381 Sient
582 1328 614 1381 in
626 1316 780 1381 socndote
791 1318 982 1397 consecratio,
995 1318 1041 1383 ita
1056 1319 1090 1385 in

59 1398 203 1467 ministro
218 1415 262 1467 ert
278 1402 469 1467 Sucronenti
483 1401 681 1486 dispensatio.
706 1400 767 1465 Ille
781 1403 889 1465 oblata
903 1404 1089 1483 sanctificat,

60 1484 117 1559 ille
130 1486 323 1575 sonctificate
337 1488 504 1571 dispensat.
537 1489 577 1551 Et
591 1499 663 1550 ante
678 1509 790 1551 omnes
804 1488 822 1551 J
826 1488 949 1551 ustinus
962 1490 1092 1575 Martyr

60 1568 93 1637 in
106 1573 282 1659 Apologib,
297 1574 388 1659 cujus
403 1573 509 1637 locum
526 1572 596 1659 jam
615 1594 710 1657 supra
722 1572 827 1636 citavi.
871 1571 1035 1638 Cedrenus
1049 1574 1091 1639 ad

60 1680 182 1727 annum
204 1673 251 1723 18.
273 1658 478 1723 Constantis:
504 1657 747 1739 σκανδαλεζόμενος
766 1660 879 1743 peip-clf
898 1660 990 1735 αὐτὸν,
1006 1659 1090 1745 ἔκειρε

60 1742 195 1829 πρότερον
214 1745 294 1807 absin
315 1747 358 1807 lul
378 1744 496 1807 Παύλου
511 1742 695 1832 πατριάρχου
708 1741 838 1821 διάκονον,
855 1741 882 1817 ὃς
896 1742 943 1822 nol
954 1744 1091 1825 μετέδωκε

60 1834 102 1913 τῷ
114 1830 232 1907 βασιλεῖ
244 1837 297 1891 τῶν
311 1835 353 1913 ἇχ
371 1828 456 1891 άντων
469 1828 603 1912 puppim
629 1832 655 1889 ἐν
675 1826 750 1913 oiyr'rp
770 1827 904 1913 ποτηρίῳ.
946 1828 1091 1895 Tandem

61 1936 136 1977 vero
151 1928 324 1999 postquam
344 1854 471 1977 diaconi
492 1913 580 1977 laicis
602 1911 823 1977 eucharistiam
846 1913 988 1998 praebere
1008 1915 1092 1981 desi-

61 2011 168 2077 erunt,
182 2020 367 2063 concessum
384 1998 444 2061 illis
458 2013 517 2076 est,
531 2014 567 2063 ut
580 1998 686 2061 vinum
701 1997 789 2061 laicis
802 2010 878 2083 post
890 2000 1092 2065 commuuio-

61 2106 136 2149 nem
155 2084 352 2169 praeberent3
373 2082 470 2169 idque
489 2082 671 2169 colligimus
686 2104 725 2145 ex
737 2082 802 2147 vita
815 2082 956 2163 Alcuini,
971 2084 1012 2149 de
1025 2108 1091 2171 quo

61 2185 153 2253 retus
172 2168 234 2233 scri
258 2184 308 2234 tor
329 2169 374 2233 ita
395 2168 510 2233 tradit:
532 2169 658 2232 Necnon
679 2178 836 2265 compost
856 2170 1092 2235 commonionem

62 2254 195 2339 corporis
212 2192 327 2317 clrior·
341 2265 370 2317 et
385 2253 545 2340 sangoinis
557 2274 651 2317 monn
664 2268 791 2338 proprio
802 2253 845 2317 eis
859 2252 997 2319 misceret
1011 2254 1092 2319 Mem

61 2338 248 2417 Intdooicns,
259 2336 434 2402 bumilitate
448 2337 636 2403 clarissimus
647 2353 718 2423 prce
730 2336 879 2416 omnibns,
889 2340 976 2423 putri
986 2351 1090 2406 sancto

62 2445 94 2489 te
108 2420 274 2501 inclinans,
286 2424 351 2507 ejus
365 2422 519 2487 osculatos
533 2434 578 2487 est
593 2445 729 2487 monum.
760 2425 804 2487 Et
817 2422 848 2487 in
860 2424 996 2489 concilio
1008 2426 1092 2491 Are·

61 2508 178 2573 latensi
190 2523 221 2571 2.
240 2529 269 2572 c.
285 2523 333 2571 15.
352 2522 480 2573 cavetur
501 2523 538 2573 ut
558 2507 711 2573 diaconus
733 2523 888 2593 praesente
903 2510 1093 2597 presbytero

61 2615 182 2681 corpus
204 2592 323 2677 Christi
345 2592 489 2657 fidelibus
511 2593 634 2659 tradere
655 2614 719 2657 non
742 2609 923 2678 praesmnat.
949 2596 1092 2661 Veners.

62 2677 164 2765 Apud
173 2678 354 2765 Valesium,
370 2677 520 2742 oblatione
531 2677 639 2765 socio.
683 2680 725 2742 Et
738 2679 790 2743 hic
807 2680 961 2745 haerentes
976 2681 1093 2747 Graeco

62 2762 239 2839 retinemus
254 2760 457 2827 oblationibus
464 2764 580 2849 sectis,
596 2762 659 2827 hoc
673 2778 733 2842 est,
748 2786 829 2850 pane
844 2778 879 2829 et
893 2764 964 2829 vino
980 2787 1091 2831 conse·

62 2848 171 2919 cratis.
213 2848 430 2913 Novatianum
453 2871 510 2935 per
535 2871 579 2926 se,
605 2871 669 2912 non
691 2847 896 2913 diaconorum
919 2850 1095 2916 ministerio

62 2954 181 3019 corpus
198 2932 318 2997 Christi
340 2934 406 2997 suis
426 2934 601 3020 porrexisse
623 2935 715 3019 plane
738 2933 812 2997 hinc
830 2933 994 2999 discimus.
1039 2938 1094 3001 An

116 3040 139 3083 ο
154 3017 299 3083 dissimili
315 3020 437 3083 ratione
456 3019 630 3099 Servntoris
653 3019 754 3082 nostri
775 3019 961 3103 sanguinem
976 3020 1014 3103 iis
1028 3032 1093 3083 tra·

53 3040 194 3203 &¹³¹2
216 3102 363 3168 dubitare
384 3103 460 3167 licet
480 3119 608 3189 propter
630 3105 770 3168 subnexa
791 3105 896 3181 verba,
915 3106 996 3168 Joro
1018 3105 1095 3169 mibi

39 3188 47 3199 ’
60 3197 119 3273 per
133 3203 242 3272 corpns
256 3200 287 3251 et
299 3189 480 3275 sangninem
495 3188 623 3252 Domini
636 3189 744 3253 nostri.
776 3189 971 3273 Negandum
985 3201 1094 3253 tamen

63 3294 130 3337 non
154 3286 214 3350 est,
238 3295 299 3336 usu
316 3286 385 3336 tnm
409 3287 571 3358 receptum
596 3295 677 3351 esse,
697 3288 734 3337 ut
757 3273 864 3337 fideles
885 3272 1094 3339 diaconorum

62 3358 243 3441 ministerio
268 3358 453 3442 sanguinem
478 3358 527 3421 vel
550 3358 644 3421 etiam
668 3379 783 3443 corpus
807 3356 928 3421 Christi
950 3358 1094 3445 percipe-

63 3432 147 3506 r'ent.
191 3441 307 3505 Scribit
320 3442 439 3527 quippe
451 3443 594 3508 Justinus
609 3443 752 3528 Apolog.
767 3457 797 3505 2.
812 3441 852 3505 ad
868 3444 1068 3507 Antoninum
1083 3470 1093 3509 ε

61 3530 237 3624 Postpnnrn
256 3527 385 3590 antistes
405 3526 583 3612 gentionem
596 3528 744 3591 notionem
761 3527 904 3613 perfecit,
920 3539 950 3591 et
960 3526 1095 3613 populns

63 3634 165 3685 ornnes
180 3623 362 3697 opprecotos
381 3624 437 3691 est,
453 3612 572 3677 diaconi
588 3635 628 3676 en
644 3628 735 3697 pone,
749 3612 819 3676 nino
840 3624 870 3676 et
890 3635 972 3698 aqna
993 3636 1095 3679 conse-

64 3697 163 3761 cretis
180 3708 304 3781 portem
325 3695 467 3761 dividunt
488 3696 652 3782 nninriqne
668 3697 882 3795 proesentiom.
928 3701 966 3761 In
984 3699 1096 3765 Africa

63 3782 181 3853 saltem
204 3781 348 3859 calicem,
368 3804 433 3866 quo
454 3782 583 3867 sanguis
604 3781 726 3845 Christi
745 3782 1013 3865 continebatur,a
1027 3784 1096 3849 dia-

62 3867 159 3933 conis
173 3866 294 3951 porrigi
306 3868 504 3932 consuevisse
519 3866 615 3931 docet
627 3866 707 3930 illud
724 3866 877 3953 Cypriani
890 3868 946 3931 lib.
959 3868 1001 3953 de¹
1010 3871 1095 3956 Lap-

63 3951 130 4017 sise
155 3950 213 4015 Ubi
235 3973 305 4014 vero
324 3950 518 4029 sollemnibus
539 3950 868 4035 anteponendum
885 3952 1028 4017 diaconos
1047 3954 1096 4040 of-

51 4034 376 4125 ferre‘proesentibos
397 4037 499 4121 coepit.
543 4036 701 4101 Eumdem
723 4058 847 4101 morem
867 4039 978 4102 Romae
996 4040 1096 4103 usito-

63 4136 140 4188 tnm
158 4120 264 4185 innuit
282 4120 368 4206 apud
385 4122 595 4187 Ambrosium
611 4121 669 4185 lib.
681 4121 703 4185 i.
717 4120 810 4187 offic.
824 4144 854 4188 c.
865 4137 897 4187 4.
910 4123 963 4208 pia
980 4144 1095 4209 enpus-

62 4205 185 4273 tulatio
198 4207 233 4273 S.
247 4206 415 4275 Laurentii.
424 4206 638 4273 archidiaconi
649 4206 682 4285 S.
697 4207 839 4295 Xystum
853 4206 1037 4295 pontificem
1050 4209 1099 4275 sic
