2678 4756
276 275 894 370 commmittendum.
1062 301 1105 369 n

104 450 254 515 Novatus
282 471 303 514 a
328 448 541 536 Thamugade
566 448 657 515 dixit.
702 449 796 515 Licet
825 449 964 515 sciamus
993 470 1109 524 omnes

61 558 238 645 scriptruas
251 559 473 624 testimonium
495 558 630 624 reddere
651 558 692 623 de
715 560 845 625 salutari
858 560 1032 647 baptismo,
1047 560 1106 627 de·
1220 649 1224 655 Ι

61 669 179 733 bemus
211 683 326 750 tamen·
354 667 450 733 fidem
483 681 624 734 nostram
654 670 843 755 exprimere,
874 669 1045 735 haereticos
1072 658 1126 736 et'

61 777 289 870 schismaticos
307 777 350 841 ad
369 778 538 842 ecclesiam
561 778 735 856 venientes,
752 779 808 864 qui
827 779 1109 866 pseudobaptizati

29 890 223 969 irridentur,
237 871 356 956 debere
369 911 426 956 eos
442 892 475 956 in
489 893 579 956 fonte
593 892 725 978 perenni
738 891 906 976 baptizari,
922 905 956 956 et
970 892 1045 957 ideo
1056 914 1108 958 se·

60 1001 208 1066 cundum
223 1002 444 1067 testimonium
461 1003 689 1088 scripturarum
703 1016 736 1067 et
751 1000 926 1066 secundum
940 1001 1106 1070 decretum

60 1110 265 1196 collegarum
280 1127 464 1178 nostrorum
478 1113 686 1176 sanctissimae
701 1111 866 1176 memoriae
879 1112 1019 1177 virorum
1035 1135 1109 1178 orn·

60 1241 119 1283 nes
143 1218 368 1285 schismaticos
389 1235 423 1285 et
444 1220 613 1286 haereticos
635 1223 691 1310 qui
712 1221 754 1286 ad
774 1221 944 1285 ecclesiam
963 1221 1107 1288 conversi
1197 1230 1200 1235 ’

61 1342 139 1392 sunt
160 1329 331 1413 baptizari,
354 1329 412 1394 sed
433 1345 467 1394 et
488 1352 545 1394 eos
567 1331 623 1416 qui
645 1329 782 1395 ordinati
805 1329 1003 1409 videbantur,
1022 1330 1110 1399 inter

15 1451 54 1505 10
61 1436 164 1504 laicos
179 1439 289 1525 recipi.

105 1549 322 1613 Nemesianus
347 1570 366 1612 a
392 1547 563 1613 Thubunis
586 1545 678 1612 dixit.
723 1546 890 1633 Baptisma
912 1547 1001 1633 quod
1029 1547 1108 1615 dant
1197 1605 1203 1614 .

60 1655 209 1721 haeretici
228 1671 262 1722 et
282 1657 480 1723 schismatici
495 1679 560 1721 non
574 1679 644 1721 esse
659 1677 767 1720 verum
782 1656 903 1743 ubique
917 1657 951 1720 in
966 1657 1107 1744 scriptu·

60 1767 106 1831 ris
122 1767 241 1831 sanetis
254 1767 453 1832 declaratum
468 1777 538 1830 est:
561 1765 715 1852 quoniam
738 1766 799 1852 ipsi
814 1765 980 1852 praepositi
993 1788 1106 1831 eorum

61 1875 136 1940 falsi
152 1875 275 1941 Christi
298 1892 373 1943 sunt
394 1893 429 1942 et
449 1879 521 1943 falsi
542 1879 721 1965 prophetae,
735 1878 863 1944 dicente
884 1881 1031 1945 Domino
1051 1901 1109 1966 per

13 1998 51 2059 ιε
63 1985 296 2052 Salomonem:
318 1987 411 2074 rQni
420 1987 529 2074 fidens
549 1999 595 2053 est
620 1987 654 2052 in
667 1987 781 2076 falsis,
801 1987 850 2051 die
868 1989 971 2072 pascit
991 2001 1107 2068 ventos,

62 2091 147 2156 idem
162 2103 267 2157 autem
281 2093 346 2178 ipse
360 2094 502 2181 sequitur
514 2117 586 2160 ones
598 2095 749 2161 volantes.
785 2097 912 2161 Deserit
934 2097 1017 2162 enirn
1039 2098 1109 2163 vias

61 2203 167 2271 vineae
180 2224 257 2283 sace,
271 2227 290 2268 o
306 2204 424 2270 semitis
437 2228 506 2269 vero
522 2206 620 2293 agelli
634 2208 683 2271 sni
696 2207 826 2273 aravit.
855 2208 1036 2297 Ingreditur
1049 2233 1109 2275 aa·

63 2321 128 2377 tem
137 2329 196 2398 per
207 2313 280 2379 onia
292 2313 360 2378 toea
370 2325 465 2402 utque
476 2315 567 2380 arido
579 2326 610 2380 et
625 2327 741 2381 terram
755 2318 946 2384 destinatam
960 2319 994 2384 in
1008 2298 1110 2402 sitiens

63 2420 222 2486 contrahit
251 2434 356 2488 antem
383 2424 525 2490 manibus
554 2425 761 2512 infructuoso.
815 2431 858 2493 Et
883 2428 1027 2495 iterum:
1055 2431 1109 2496 At

10 2545 151 2619 eoaque
170 2530 275 2598 alieno
293 2533 413 2598 abstine
430 2545 472 2614 te,
486 2545 517 2599 et
537 2535 575 2599 de
585 2536 684 2620 fonte
705 2547 852 2601 extraneo
867 2560 906 2602 ne
927 2538 1049 2621 biberis,
1070 2549 1106 2605 ut

63 2637 194 2728 longum
208 2642 296 2707 vivas
311 2652 440 2729 tenipus,
453 2644 646 2732 adjiciantur
661 2645 756 2710 etiam
772 2645 830 2710 titi
843 2648 919 2712 anni
934 2649 1020 2714 vitce.
1064 2653 1111 2717 Et

62 2749 98 2816 in
111 2752 280 2838 evangelio
295 2752 400 2817 divina
414 2776 472 2819 sua
484 2777 564 2821 voce
583 2753 747 2820 Dominus
762 2769 871 2822 noster
884 2758 979 2823 Jesus
995 2758 1110 2824 Chris·

61 2873 118 2926 tus
132 2860 263 2926 locutus
277 2873 326 2926 est
340 2860 472 2927 dicens:
493 2878 508 2908 ²
519 2863 593 2928 Nisi
606 2863 676 2952 qais
694 2875 822 2928 renatns
834 2864 945 2951 fuerit
965 2889 1005 2932 ex
1025 2890 1109 2955 aqua

62 2979 94 3034 et
109 2970 224 3054 spiritu
237 2993 299 3035 non
309 2983 412 3056 potest
427 2972 554 3037 introire
568 2973 601 3037 in
614 2995 747 3061 regnum
762 2973 838 3038 Dei.
872 2975 937 3040 Hic
952 2989 1002 3040 est
1016 2977 1109 3062 spiri·

10 3092 53 3168 ᾖε
63 3093 119 3146 tus
131 3079 190 3168 qui
203 3079 245 3145 ab
259 3080 352 3145 initio
367 3081 528 3146 ferebatur
542 3103 639 3167 super
652 3103 764 3169 aquas.
809 3084 927 3169 Neque
940 3085 1027 3148 enim
1043 3085 1109 3171 spi·

62 3189 147 3254 ritus
169 3189 239 3252 sine
262 3211 346 3277 aqua
367 3191 493 3276 operari
516 3204 638 3279 potest,
660 3214 764 3278 neque
785 3214 870 3279 aqua
891 3193 958 3258 sine
981 3194 1110 3279 spiritu.

62 3297 158 3363 Male
171 3319 252 3384 ergo
267 3299 328 3365 sibi
345 3298 475 3387 quidam
490 3300 741 3388 interpretantur
764 3314 800 3365 ut
820 3300 928 3366 dicant
943 3302 1032 3388 quod
1052 3325 1111 3389 per

62 3429 181 3473 manus
195 3409 435 3495 impositionem
451 3411 600 3496 spiritum
616 3424 763 3475 sanctum
777 3410 936 3497 accipiant
949 3423 982 3476 et
997 3413 1043 3477 sic
1058 3434 1120 3477 re-e

61 3516 237 3605 cipiantur,
252 3539 326 3583 cum
342 3519 548 3584 manifestum
563 3521 606 3584 sit
620 3533 759 3606 utroque
778 3532 979 3585 sacramento
994 3520 1110 3586 debere

16 3637 122 3699 toeoe
143 3628 268 3692 renasci
287 3627 322 3693 in
343 3628 479 3693 ecclesia
500 3628 670 3694 catholica.
713 3629 806 3693 Tunc
820 3629 940 3716 quippe
957 3643 1114 3717 poterunt·

32 3718 36 3746 ¹
62 3734 122 3802 filii
143 3735 209 3801 Dei
229 3757 311 3817 esse,
324 3735 453 3802 dicente
476 3719 645 3824 apostolo:
671 3736 850 3801 *Curantes
869 3758 991 3801 servare
1005 3738 1114 3803 nnita-t

62 3856 129 3912 tem
151 3842 282 3930 spiritus
304 3845 339 3911 in
364 3847 575 3932 conjunctione
593 3846 693 3932 pacis,
716 3868 813 3912 annm
837 3862 955 3932 empus,
978 3858 1009 3912 et
1031 3870 1113 3913 unns·

61 3953 207 4042 spiritus,
221 3955 302 4020 sieut
315 3957 416 4021 vocati
431 3957 504 4022 estis
518 3958 552 4022 in
565 3980 629 4023 ntro
643 3973 696 4044 spe
709 3957 877 4044 vocationis
892 3969 1016 4037 nestrae,
1031 3981 1116 4023 unus-

94 4203 477 4264 'Ptenixanreseetxm
575 4206 758 4256 2toan.iii.s.
844 4207 1074 4270 ⁸Ephes.iv.t‚4.
1184 4214 1186 4219 '
