2678 4756
304 276 357 346 IN
379 276 414 342 S.
435 272 677 343 VICTORINI
701 272 1042 347 FRAGMENTUM.
1128 294 1192 368 249

140 440 343 518 ‘annotatum
363 461 423 526 est,
441 448 581 514 “Deest
599 448 734 514 fortasse
752 448 834 536 quad
854 461 927 515 ante
947 459 979 514 et
997 449 1141 536 seipsum,
1159 463 1193 517 et

154 546 179 580 “
193 539 278 604 forte
296 536 425 623 legend.
446 534 619 621 praeliaque
639 556 699 621 pro
717 535 831 620 praelia
855 537 962 623 quee.''
1007 537 1102 601 Plane
1119 539 1192 624 qui-

152 623 230 690 dem
251 623 387 689 difficilis
408 639 457 687 est
477 622 541 686 loci
560 622 754 700 emendam,
769 622 826 686 sed
841 635 949 687 tamen
966 644 1024 708 pro
1038 624 1193 689 facultate

152 732 229 776 mea
250 709 412 774 tentanda.
456 710 488 772 A
503 706 671 772 Victorino
689 707 788 786 enirn,
805 709 863 771 nisi
881 708 987 788 fallor,
1008 709 1108 772 Eaadi
1122 732 1193 797 cap.

152 797 229 862 xvii.
246 796 426 880 respicitur,
441 793 496 858 ubi
512 807 666 872 narratur,
686 804 851 880 postquam
867 794 996 859 dixisset
1010 795 1138 882 Moyses
1151 796 1194 859 ad

152 883 260 962 Jeme,
277 880 335 945 Eli
359 905 374 944 e
395 880 475 944 uiros
495 890 526 942 et
547 900 685 966 egressas
704 896 813 967 pugna
829 892 936 945 cantra
950 880 1194 946 Amalec-aum

155 967 273 1034 leuaret
338 989 422 1055 apses
440 987 562 1044 manus,
581 965 687 1030 uicisse
707 966 818 1045 Israel,
833 967 882 1030 sin
905 978 1008 1032 autem
1025 967 1193 1051 paululum

141 1055 334 1134 remisisset,
350 1068 507 1139 superasse
521 1050 946 1140 Amalee.-—-Fugaaitqae
959 1053 1052 1117 Josue
1063 1051 1196 1118 Amalec

154 1153 187 1207 et
209 1140 362 1227 populum
387 1141 452 1223 ejus
474 1138 507 1202 in
530 1161 580 1202 ore
602 1137 716 1225 gladii.
761 1141 836 1202 Hoc
862 1154 970 1203 autem
995 1139 1047 1203 die
1069 1140 1195 1204 sabbati

154 1228 330 1314 contigisse
341 1225 475 1311 collegit
487 1224 547 1288 sibi
560 1224 606 1288 vir
618 1237 745 1288 sanctus
755 1226 941 1304 Victorinus
952 1247 991 1288 ex
1003 1226 1194 1291 stationibus

154 1315 293 1380 fortasse
305 1314 338 1377 in
350 1312 460 1398 populi
474 1309 600 1375 Israelis
613 1310 790 1375 itineribus.
817 1310 880 1376 Vel
892 1313 975 1376 forte
988 1311 1194 1377 traditionem

155 1401 297 1487 aliquam
307 1399 474 1465 iudaicam
497 1411 638 1462 secutus.
660 1399 784 1460 Lucem
798 1418 873 1461 vero
888 1398 978 1463 dabit
992 1398 1077 1474 loco,
1094 1419 1194 1486 expo-

155 1487 231 1552 sitio
242 1509 314 1573 quae
323 1485 490 1550 verborum
504 1484 632 1569 Moysis
645 1483 730 1546 facta
741 1496 790 1547 est
801 1505 820 1547 a
830 1484 1027 1549 Tertulliano
1039 1484 1071 1547 in
1083 1484 1140 1549 lib.
1150 1484 1194 1549 iii.

156 1583 265 1638 contra
276 1571 433 1636 Marcion.
447 1582 484 1634 ut
495 1570 575 1633 alios
587 1581 733 1633 auctores
746 1569 916 1636 omittam..
927 1572 1002 1634 Jam
1016 1592 1083 1634 aero
1097 1569 1195 1658 May·

155 1682 205 1724 ses
245 1658 305 1722 uad
325 1659 434 1745 utique
454 1666 526 1720 tunc
547 1665 679 1733 tautum,
695 1677 763 1718 cum
777 1657 868 1719 Jesus
884 1656 1028 1721 adversm
1043 1656 1195 1722 Amalech

154 1681 377 1832 prceliabatur,
392 1742 537 1828 expansis
560 1740 701 1805 manibus
724 1739 830 1805 arabat
851 1742 996 1819 residens,
1016 1743 1139 1842 quondo
1162 1743 1196 1807 iu

155 1831 247 1896 rebus
263 1842 330 1894 tam
345 1829 499 1908 attonitis,
514 1829 617 1916 magis
632 1827 739 1914 utique
749 1827 879 1915 genibus
893 1829 1038 1913 depositas
1050 1841 1081 1894 et
1091 1829 1195 1894 moni·

157 1917 214 1983 bus
235 1916 422 1982 conmittes
463 1926 559 1993 ectus,
581 1925 612 1978 et
622 1913 716 1999 faeie
738 1912 823 1978 lumi
845 1913 1003 1979 volutante
1026 1916 1196 1980 arationem

156 2003 369 2070 commendare
393 1933 553 2079 debuisset,
581 2000 643 2064 uisi
669 2000 744 2086 quia
770 1999 837 2064 illic
858 1999 912 2064 ubi
936 2022 1045 2066 nomen
1066 2001 1196 2067 Domini

156 2091 234 2156 Jesu
256 2087 434 2168 dimicabat,
457 2086 637 2151 dimicaturi
659 2086 841 2174 quandoque
861 2086 1004 2152 adversus
1025 2087 1195 2169 diabolum,
1293 2120 1296 2124 ·

157 2176 262 2241 crucis
287 2197 418 2262 quoque
443 2189 511 2238 erat
535 2173 663 2237 habitus
686 2173 892 2250 necessarius,
914 2187 973 2259 per
994 2196 1088 2260 quam
1106 2176 1198 2239 Jesus

133 2319 135 2323 .
157 2261 322 2327 victoriam
337 2271 414 2325 esset
429 2260 594 2337 relaturus,
611 2280 681 2345 cap.
696 2273 742 2324 18.
767 2260 849 2324 Haec
861 2259 1088 2324 Tertullianus.
1109 2261 1196 2326 Tum

155 2370 234 2414 vero
257 2347 437 2434 Apostolus
463 2346 581 2410 Paulus
604 2346 649 2409 ita
671 2345 816 2433 loquitur
838 2344 871 2408 in
892 2345 999 2431 Epist.
1022 2347 1064 2409 ad
1083 2346 1197 2412 Calass.

158 2456 232 2521 cap.
247 2434 280 2497 ii.
295 2455 415 2497 comm.
432 2445 479 2496 14.
495 2431 612 2496 Delens
627 2431 709 2519 qraad
729 2431 873 2496 aduersus
887 2454 940 2496 aas
955 2442 1022 2497 erat
1038 2431 1196 2531 abiragra·

155 2519 257 2607 plum
271 2519 396 2598 decreti,
413 2518 575 2606 quoderat
590 2515 778 2582 contrarium
798 2516 884 2582 nabis
903 2528 934 2582 et
954 2517 1056 2603 ipsum
1071 2518 1145 2583 tulrt
1160 2520 1198 2584 de

157 2606 271 2684 medio,
284 2603 417 2691 affigens
434 2603 516 2669 illud
533 2605 631 2669 cruci.
677 2604 787 2684 Porro,
811 2617 848 2668 ut
870 2624 909 2668 ex
934 2605 1198 2671 Maccahaeorum

158 2691 244 2757 libro
267 2692 373 2779 primo
395 2704 428 2755 et
448 2690 553 2776 capite
576 2689 719 2755 secundo
742 2711 808 2753 rem
834 2704 939 2754 narrat
954 2690 1142 2771 Sabellicus,
1166 2692 1198 2756 in

160 2777 251 2843 Hist.
268 2779 353 2843 Socr.
371 2799 409 2841 ex
425 2776 605 2841 Eneodibus
625 2775 694 2863 ejus
712 2787 831 2862 sumpt.
848 2776 904 2840 lib.
918 2775 957 2839 vi.
972 2797 1049 2862 pag.
1061 2790 1130 2857 279.
1145 2777 1197 2842 ed.

158 2863 268 2930 Lond.
293 2863 413 2928 ethnici
435 2862 568 2927 Judaeos
593 2886 610 2926 e
633 2861 787 2927 mantibus
814 2861 959 2927 deducere
987 2873 1059 2927 stant
1087 2863 1198 2928 canati.

164 2951 322 3015 Caeterum
336 2971 432 3037 quum
445 2970 542 3035 neque
557 2947 730 3013 hortatione
744 2970 842 3034 neque
862 2947 956 3011 minis
966 2947 1061 3030 flecti
1079 2950 1199 3036 patuis-

161 3046 241 3114 sent,
263 3032 460 3101 sobbatorum
480 3035 529 3098 die
550 3057 610 3121 qrro
631 3032 738 3098 Jadcei
757 3032 871 3131 gentili
894 3032 1036 3098 instituto
1057 3049 1200 3122 pugnare

157 3121 413 3208 prohibebantur,
429 3120 528 3184 bastes
540 3119 692 3184 mantiles
709 3118 871 3195 insinuati,
884 3117 981 3184 nullis
995 3120 1200 3207 repugnanti·

162 3207 219 3272 bus
240 3223 334 3293 supra
354 3203 442 3270 mille
462 3206 495 3270 in
516 3205 669 3291 speluncis
679 3204 775 3354 {erro
796 3215 826 3269 et
848 3204 859 3266 i
883 3204 916 3268 ni
930 3204 1096 3269 crudeliter
1109 3229 1200 3271 neca-

161 3293 407 3358 runt—lata
430 3302 496 3356 tum
516 3291 655 3377 primum
691 3314 741 3370 eac,
762 3301 798 3355 ut
820 3228 957 3355 collatis
974 3305 1032 3376 pra
1054 3291 1120 3355 uita
1142 3292 1199 3356 ad·

163 3398 269 3444 versus
282 3378 381 3443 bastes
396 3377 543 3442 dimicare
558 3376 675 3441 liceret.
705 3377 758 3440 Ad
775 3399 848 3464 quae
863 3375 993 3462 respicit
1003 3378 1201 3459 Victorinus,

164 3467 197 3530 ni
212 3465 265 3530 bic
279 3486 409 3552 quoque
422 3465 528 3545 fallor,
542 3465 574 3527 in
589 3462 757 3548 posteriori
772 3476 861 3549 parte
876 3463 1053 3527 sententiae.
1080 3463 1203 3551 Quidni

163 3573 245 3637 ergo
266 3551 343 3616 satis
364 3553 446 3615 bene
468 3551 514 3613 ita
536 3549 688 3636 procedat
709 3549 833 3614 oratio?
867 3549 994 3636 Moyses
1014 3550 1204 3635 prospiciens

163 3636 316 3702 duritiam
330 3635 439 3722 papuli
455 3636 552 3710 illius,
569 3635 708 3720 (Israelis
723 3650 756 3699 et
772 3635 904 3699 Christo
919 3648 952 3699 et
967 3657 1057 3700 novae
1072 3636 1139 3723 legi
1153 3637 1203 3702 in·

163 3724 258 3802 sensi,
274 3744 311 3786 ac
326 3738 495 3808 propterea
510 3721 646 3809 rejiculi)
663 3720 773 3784 idcirco
792 3722 841 3786 die
861 3720 981 3785 sabboti
993 3719 1119 3787 levabat
1133 3745 1203 3788 rna·

161 3812 239 3888 irus,
254 3822 287 3873 et
303 3808 348 3872 sic
366 3809 472 3894 ipsum
494 3809 575 3872 cruci
584 3807 679 3894 fixit.
723 3807 771 3872 Et
785 3804 902 3891 praelia
920 3807 1145 3894 quaerebantur
1165 3808 1204 3874 ab
1245 3820 1249 3828 '

165 3892 337 3982 allophylis
352 3893 490 3974 sabbata,
502 3903 537 3957 ut
549 3902 742 3975 caperentur,
754 3903 785 3956 et
797 3892 880 3958 uelut
896 3893 1059 3958 seueritate
1072 3893 1150 3982 legis
1163 3894 1206 3959 ad

164 3979 367 4045 devitandam
382 3979 579 4064 disciplinam
588 3979 821 4066 formarentur,
839 3978 872 4042 h.
884 4000 913 4044 e.
924 3977 1036 4065 legem
1051 4001 1206 4047 caeremo-

165 4066 297 4131 nialem.
341 4066 496 4152 Sequitur
509 4065 594 4129 eninr
610 4079 684 4151 post
700 4078 817 4129 caetera
837 4064 984 4150 exempla
1003 4065 1099 4129 allata
1119 4065 1209 4138 istud

165 4152 266 4217 veteri
279 4151 414 4216 sabbato
429 4151 708 4250 oppositums-ut
724 4172 831 4215 aerum
849 4149 930 4215 illud
947 4161 978 4214 et
988 4151 1114 4236 justum
1132 4150 1206 4235 sab·

166 4237 276 4302 batum
297 4237 424 4324 septimo
442 4236 592 4302 milliario
607 4258 756 4301 unaarum
772 4234 992 4320 observaretur,
1008 4258 1039 4322 p.
1051 4250 1122 4301 238.
1138 4236 1161 4301 l.
1174 4253 1205 4304 5.

167 4318 334 4390 Caeterum
349 4324 386 4389 ia
397 4323 473 4388 MS.
490 4320 640 4390 scribitur
654 4321 666 4387 i
679 4343 778 4410 super
792 4322 962 4397 alternare
979 4320 1012 4387 in
1027 4320 1211 4395 moerendo.
