2678 4756
212 268 273 357 138
554 266 917 336 Annorsnours

214 437 381 505 Caeterum
405 437 440 503 in
469 437 615 524 Epistola
643 440 685 505 od
716 439 880 528 Quintum,
910 462 982 526 quae
1011 446 1061 507 et
1084 437 1125 503 de
1150 436 1260 501 hare·

211 525 284 592 ticis
299 523 511 611 baptizandis,
526 525 682 612 Cypriani
695 526 767 591 haec
778 538 853 590 sunt
865 525 905 589 ad
916 523 1088 612 Agrippini
1099 523 1259 589 aliorum·

238 634 278 688 ue
306 611 472 675 decretum
496 613 704 695 pertinentia;
738 612 829 709 Quod
851 611 974 697 quoidam
1001 621 1032 675 et
1057 607 1261 697 Agrippinas

213 633 304 763 iouae
317 696 476 760 memorien
495 695 544 758 uir
562 719 633 761 cum
648 709 769 762 coeteros
785 697 965 783 coepiscopis
982 697 1057 774 suis,
1080 694 1136 783 qui
1151 692 1208 757 iiio
1226 692 1261 757 in

215 792 350 867 tempore
372 781 405 845 in
421 781 582 866 prouincia
597 783 713 868 Africa
732 794 762 847 et
777 781 930 846 Numidia
951 781 1110 846 ecclesium
1124 777 1261 844 Domini

213 866 442 955 gubernabant,
467 867 580 931 statuit
602 879 633 932 et
656 867 768 932 librato
792 866 912 932 consilii
933 866 1100 932 communis
1114 862 1262 939 examine

207 951 372 1040 firmauit.
394 974 427 1038 p.
445 965 513 1028 127.
529 953 792 1018 ed.Benedictin.

262 1039 297 1102 P.
313 1053 362 1104 85.
384 1039 406 1101 l.
426 1038 482 1117 lui
497 1039 567 1124 pari
588 1039 798 1104 consensione
825 1037 1068 1128 conjungimus]
1098 1038 1260 1112 Fortasse,

216 1123 267 1189 vel
288 1123 462 1211 legendum
489 1138 539 1188 est
567 1124 722 1210 conjuncti
750 1147 810 1210 pro
839 1123 1064 1212 conjungimus,
1097 1120 1262 1187 claudicat

217 1209 305 1277 enim
320 1210 436 1286 oratio,
455 1209 504 1274 vel
519 1209 625 1296 posita
647 1210 734 1275 finali
755 1210 959 1276 distinetione
979 1222 1054 1297 post
1067 1230 1164 1291 voees
1178 1206 1260 1285 illas,

220 1306 252 1363 ot
265 1319 285 1360 o
299 1294 387 1359 nobis
401 1293 604 1376 obseruatum,
619 1295 837 1382 conjungimur
852 1311 902 1361 est
917 1293 1155 1382 reponendum.
1217 1342 1220 1347 -

262 1380 452 1445 Ibid.l.13.
475 1395 565 1446 extra
578 1381 759 1466 ecclesiam]
785 1383 889 1447 Vetus
912 1379 1132 1467 interpretatio
1155 1376 1189 1442 in
1211 1397 1262 1439 re·

220 1467 362 1532 centiore
384 1465 496 1530 codice
512 1465 694 1544 Victorino,
717 1467 818 1531 idest
840 1478 932 1531 estro
943 1466 1090 1552 formum
1113 1458 1263 1528 ecclesiia.

222 1552 342 1617 Tamen
358 1549 541 1635 baptizatur
556 1551 612 1638 qui
625 1575 644 1616 u
657 1552 768 1616 Judaeo
784 1551 833 1616 uel
846 1574 866 1615 o
873 1550 989 1640 gentili
1000 1548 1050 1616 uei
1061 1548 1102 1614 oli
1116 1547 1264 1614 horreum

223 1636 417 1722 baptizatur,
432 1636 459 1700 si
474 1636 789 1723 secundumformom
803 1637 940 1702 ecclesiae
955 1636 1105 1723 baptizet.
1142 1636 1263 1720 Sump-

221 1736 294 1787 tum
308 1735 359 1786 est
369 1722 456 1785 istud
472 1744 512 1786 ex
523 1723 628 1809 capite
644 1723 680 1787 A
714 1724 826 1787 nodum
839 1723 952 1787 Judoeo
968 1720 1053 1808 apud
1070 1720 1263 1785 Gratianum

222 1807 299 1873 dist.
310 1820 340 1871 4.
357 1807 398 1871 de
413 1808 664 1885 consecratione,
679 1746 736 1873 ribi
752 1809 909 1873 Nicolaus
925 1810 1011 1894 Papa
1021 1809 1050 1871 Ι.
1067 1805 1266 1892 respondens

223 1894 265 1958 ad
298 1893 446 1958 consulta
476 1893 692 1978 Bulgarorum
725 1894 770 1958 ait
805 1895 1003 1980 baptismum
1030 1914 1100 1957 esse
1130 1893 1290 1977 bonurn,

249 1979 369 2043 uamvis
399 1976 441 2043 sit
466 1979 602 2044 collatus
635 1980 675 2044 ab
704 2002 744 2045 eo
772 2001 868 2066 quem
904 2001 968 2043 non
994 1977 1166 2043 constabat
1197 1996 1267 2043 esse

259 2064 460 2142 hristianum,
484 2064 510 2129 si
532 2065 669 2130 collatus
691 2065 733 2129 sit
759 2064 791 2128 in
814 2065 944 2128 nomine
966 2078 1086 2129 sanetae
1100 2062 1268 2128 Trinitatis

224 2150 274 2214 vel
297 2163 424 2214 tantum
450 2151 482 2214 in
510 2149 634 2214 Christi
662 2149 804 2214 nomine.
851 2150 975 2214 Contra
1000 2148 1181 2236 Gregorius
1203 2148 1272 2231 ltt,

226 2236 368 2300 scribens
394 2234 435 2300 ad
457 2234 659 2300 Bonifacium
686 2234 965 2322 arehiepiscopum
993 2234 1140 2321 praecipit
1163 2247 1201 2299 ut
1223 2232 1268 2297 itti

227 2322 336 2385 denuo
351 2320 554 2405 baptizentur
570 2343 651 2407 quos
666 2343 686 2384 a
701 2321 834 2407 paganis
856 2321 1037 2407 baptizatos
1052 2342 1123 2385 esse
1143 2320 1266 2385 consti-

227 2406 313 2470 terit.
357 2406 505 2469 Refertur
528 2404 582 2469 illa
603 2407 793 2471 constitutio
807 2407 863 2470 lib.
877 2407 928 2471 vii.
945 2405 1182 2491 Capitularium
1197 2427 1269 2491 cap.

232 2506 300 2555 101.
328 2503 363 2554 et
389 2490 475 2576 apud
504 2490 694 2555 Gratianum
724 2513 762 2556 ca
788 2538 795 2554 .
827 2493 911 2577 Quos
938 2514 960 2556 u
990 2507 1035 2576 pu
1058 2489 1129 2556 onis
1154 2489 1269 2560 eadem

227 2576 444 2641 distinctione.
489 2575 573 2640 Vide
590 2578 687 2640 etiam
706 2514 827 2641 buriam
844 2576 1013 2664 Eugeniil
1051 2575 1161 2726 apud
1178 2576 1269 2642 odo·
1298 2652 1305 2661 ,

228 2663 332 2727 ricnrn
358 2660 560 2747 Raynaldum
585 2676 738 2740 11111439.
761 2664 790 2743 ξ.
808 2678 855 2726 15.
881 2663 967 2727 Vide
987 2661 1094 2726 Geroc
1120 2684 1178 2726 nm
1197 2660 1270 2726 Rei-

228 2749 514 2832 cberspergensem
537 2748 568 2810 in
593 2760 731 2811 tractatu
753 2747 902 2813 adversus
925 2747 1118 2812 simoniacos
1134 2768 1207 2832 cap.
1222 2761 1269 2812 22.

230 2834 435 2981 etAlperum
460 2832 686 2898 scholasticum
708 2833 922 2898 Leodiensem
944 2848 1080 2918 capsa.
1103 2833 1145 2899 de
1166 2833 1285 2898 Miso.

231 2919 315 2983 ricor
340 2919 370 2981 ia
383 2932 416 2981 et
429 2919 570 2983 Justitia.
596 2920 808 2984 Bsuuzrus,

275 3003 359 3066 Ibid.
378 3003 399 3066 l.
419 3017 466 3066 14.
489 3003 650 3087 baptisma
672 3006 787 3088 unum]
817 3005 896 3068 Non
923 3016 1048 3069 tantum
1075 3024 1116 3068 eo
1142 3003 1272 3069 nomine

232 3088 320 3176 quod
336 3089 437 3172 repeti
453 3111 515 3152 non
531 3089 649 3167 debet3
673 3088 730 3152 sed
745 3089 821 3174 quia
840 3089 882 3152 ab
904 3090 1040 3154 ecelesia
1061 3090 1274 3174 proficiscitur

232 3197 306 3262 quae
320 3174 380 3238 nisi
396 3196 458 3237 una
472 3196 636 3260 superesse
648 3197 712 3237 non
727 3188 846 3260 potest.
871 3177 1034 3254 Furens,
1071 3174 1211 3240 Certum
1226 3186 1275 3239 est

230 3282 385 3346 magnam
400 3281 438 3323 ea
453 3273 644 3345 tempestate
658 3260 756 3324 fuisse
777 3261 1025 3325 controversiam
1047 3261 1130 3324 inter
1147 3260 1274 3346 episco-

231 3369 293 3433 pos
315 3345 458 3409 ecclesiae
483 3345 637 3409 Romanae
663 3360 696 3409 et
719 3344 981 3430 Carthaginensis
1001 3369 1041 3409 an
1060 3346 1205 3410 haeretici
1222 3366 1274 3409 ve·

232 3431 358 3495 nientes
382 3431 421 3493 ad
442 3430 608 3494 ecclesiam
636 3430 774 3495 debeant
799 3430 1000 3516 rebaptizari.
1056 3430 1152 3494 initia
1179 3429 1276 3516 hujus

233 3516 459 3580 controversiae
475 3515 574 3600 vnigo
590 3515 770 3581 referuntur
785 3515 825 3580 ad
842 3515 1065 3601 pontificatum
1089 3518 1186 3601 Papae
1203 3517 1276 3582 Ste-

233 3600 345 3687 phani.
390 3601 436 3662 At
451 3599 585 3664 Rufinus
598 3600 654 3663 lib.
665 3601 715 3664 vii.
732 3616 843 3685 capu.
860 3600 969 3664 scribit
980 3624 1052 3664 earn
1066 3602 1205 3686 coepisse
1216 3601 1277 3666 sub

234 3684 425 3773 pontificatu
442 3683 595 3749 Cornelii.
639 3686 739 3772 Quod
760 3686 918 3750 Baronius
941 3686 1108 3751 contendit
1129 3708 1201 3751 esse
1220 3685 1278 3751 tal-

236 3793 320 3835 sum.
365 3769 428 3833 Sed
444 3771 572 3834 Batonii
588 3772 776 3835 sententiam
793 3770 925 3858 quidam
941 3771 998 3835 viri
1013 3771 1102 3835 docti
1121 3784 1280 3857 putarunt

235 3878 301 3920 non
330 3877 400 3919 esse
420 3877 538 3919 veram.
586 3856 734 3921 Profecto
762 3856 936 3920 auctoritas
968 3857 1074 3921 Rufini
1103 3857 1219 3921 veteris
1247 3869 1281 3922 et

236 3940 327 4007 docti
342 3940 505 4027 scriptoris
521 3962 585 4004 non
608 3941 704 4004 debet
719 3941 808 4027 rejici
827 3942 950 4027 absque
965 3942 1059 4006 bonis
1075 3943 1280 4007 testimoniis.

237 4029 349 4092 Potest
363 4039 472 4090 autem
492 4025 548 4089 illa
567 4027 749 4090 confirmari
767 4027 957 4091 auctoritate
971 4027 1118 4112 epistolae
1135 4027 1283 4095 Cornelii

232 4112 278 4199 ,ad
294 4111 505 4200 Cyprianum,
522 4133 617 4198 quam
634 4111 788 4197 descripsi
802 4133 841 4176 ex
855 4112 983 4175 duobus
997 4113 1138 4199 antiquis
1156 4112 1283 4178 codici-

235 4198 297 4263 bus
310 4196 545 4285 manuscriptis
557 4219 693 4284 quorum
710 4218 792 4261 unus
803 4208 852 4287 est
862 4197 895 4261 in
906 4196 1105 4281 bibliotheca
1117 4212 1285 4283 monaste-
