2678 4756
216 329 260 394 42
557 311 920 378 ANNtrrATIONss

207 478 316 565 juisse
339 479 510 546 Cornelius
533 478 567 544 in
591 479 720 548 laudata
742 482 878 568 epistola
900 481 1029 547 scribat.
1073 483 1125 548 lta
1144 497 1260 550 autem

216 564 346 630 duobus
365 566 429 630 illis
447 566 607 653 episcopis
625 590 825 632 successores
840 567 1005 632 ordinatos
1023 589 1094 632 esse
1113 570 1165 634 hic
1183 591 1256 634 me-

217 665 381 750 moratur,
388 666 425 716 ut
443 665 477 715 et
496 652 638 800 ppodam
660 654 759 718 modo
780 654 931 717 innuatur
948 652 1022 716 loco
1040 652 1121 740 ejus,
1135 655 1193 742 qui
1212 654 1258 719 ad

216 756 479 801 communionem
531 742 617 802 icam
639 754 807 825 susceptus
828 755 889 816 est,
911 738 1070 802 neminem
1093 760 1163 804 esse
1185 740 1259 804 suf-

216 821 351 886 fectum.
396 821 460 885 Sed
474 843 514 886 ex
528 845 594 908 quo
608 823 779 923 episcopus
799 823 841 888 ad
861 823 1123 888 communionem
1138 825 1256 888 laicam

151 935 161 944 ·
216 904 362 992 dejectus
378 907 580 992 praedicatur,
592 908 700 972 sedem
715 909 801 973 rllius
817 930 938 987 vacare,
947 909 1042 995 eique
1055 909 1255 995 prospicien-

216 990 294 1056 dum
318 1013 390 1140 lelsse
415 992 492 1056 satis
515 992 715 1079 intelligitur.
748 993 975 1058 Consum.
1024 1003 1078 1057 τῶν
1100 996 1128 1058 ii
1152 1002 1258 1059 λοιπῶν

263 1098 317 1140 nce
346 1123 354 1141 .

217 1077 295 1227 ὃνΡ.
309 1177 357 1226 12.
374 1164 396 1227 l.
411 1178 440 1227 l.
460 1166 499 1227 Ὁ
512 1166 651 1242 irritans-irs
664 1163 709 1228 oin
723 1172 771 1226 τοῦ
786 1163 957 1248 εὔαγῖελίου]
972 1166 1055 1228 Haec
1070 1161 1190 1228 ironice
1202 1162 1256 1228 di·

215 1260 333 1313 cuntur
352 1247 393 1312 de
412 1250 607 1328 Novatiano,
623 1251 678 1335 qui
697 1271 731 1313 se
745 1263 935 1312 assertorem
956 1249 1112 1335 evangelii
1131 1247 1258 1314 Christi

214 1355 285 1398 csse
305 1332 462 1418 jactabat,
484 1346 521 1397 ut
541 1331 638 1398 docet
660 1335 842 1422 Cyprianus
864 1335 896 1397 in
918 1335 1064 1419 Epistola
1088 1335 1197 1420 prima,
1211 1333 1258 1397 ad

216 1417 417 1482 Cornelium.
462 1421 576 1483 Exstat
594 1418 692 1482 hodie
705 1419 786 1483 liber
800 1420 973 1484 Novatiani
989 1419 1030 1484 de
1044 1419 1124 1483 cibis
1136 1415 1258 1484 iudai·
1327 1447 1331 1453 ’

214 1503 273 1582 cis,
287 1525 384 1590 quem
400 1503 453 1567 ille
471 1503 517 1567 sic
534 1503 704 1590 inscripsit,
721 1503 808 1588 plebi
829 1503 862 1566 in
885 1503 1043 1588 evangelio
1062 1503 1256 1587 persistenti.

214 1589 426 1735 vmswii
466 1588 573 1653 Abest
590 1587 635 1652 eir
655 1611 675 1653 a
693 1588 792 1653 MSto
811 1587 950 1675 Norsolc.
973 1590 1033 1652 tia
1051 1591 1190 1667 ἐκδικητὴς
1208 1587 1257 1653 οὗν

213 1698 243 1737 τ.
257 1674 414 1823 ibiiiniia
428 1722 578 1822 'blateras
597 1760 649 1821 δεῖν
670 1757 735 1836 siros
754 1762 781 1823 ἐν
803 1764 943 1843 asinarii]
961 1757 1112 1843 ἐκκλησίᾳ]
1127 1757 1255 1822 Eadem

213 1844 309 1907 verba
329 1844 482 1928 leguntur
499 1843 532 1904 in
553 1844 697 1928 Epistola
712 1844 855 1907 Cornelii
873 1846 965 1929 Papae
981 1845 1022 1907 ad
1038 1841 1255 1930 Cyprianum,

109 2004 111 2009 ι
214 1927 270 1992 ubi
285 1930 485 1992 confessores
498 1927 611 1991 relicto
626 1930 808 1992 Novatiano
827 1929 867 1993 ad
889 1928 1057 1992 ecclesiam
1072 1927 1256 2006 redeuntes,

215 2013 265 2076 bis
290 2013 391 2077 verbis
412 2013 462 2077 usi
482 2033 551 2076 ease
573 2011 734 2078 dicuntur.
771 2015 837 2078 Nec
857 2013 939 2076 enirn
962 2013 1138 2098 ignoramus
1155 2034 1255 2076 unum

213 2100 318 2162 Deum
331 2120 414 2176 esse,·
430 2119 526 2162 anam
545 2096 704 2162 Christum
724 2121 787 2163 esse
807 2099 989 2176 Dominam,
1009 2121 1100 2184 quem
1120 2098 1255 2182 confessi

213 2206 337 2262 sunnis,-
352 2205 448 2247 unum
461 2182 615 2265 Spiritum
628 2194 788 2248 sanctum:
804 2205 898 2246 anaim
914 2183 1087 2268 episcopum
1099 2181 1131 2245 in
1144 2181 1253 2247 catho-

214 2269 275 2333 lica
289 2267 414 2332 ecelesia
428 2289 491 2330 esse
504 2264 620 2330 debere.
667 2269 732 2332 Ubi
747 2268 880 2332 ecclesia
894 2267 1053 2332 catholica
1073 2266 1254 2352 specialiter

212 2354 391 2439 appellatur
412 2353 569 2426 Romana,
585 2372 625 2415 eo
643 2351 730 2437 quod
750 2353 838 2416 radix
860 2353 901 2416 sit
919 2367 953 2416 et
973 2353 1088 2417 matrix
1106 2352 1252 2416 ecclesiae

184 2473 186 2479 ·
212 2437 392 2515 catholica,
418 2450 457 2500 ut
479 2437 525 2500 ait
551 2435 733 2522 Cyprianus
759 2438 789 2500 in
814 2438 959 2522 Epistola
984 2437 1024 2501 ad
1048 2436 1254 2501 Cornelium.

168 2580 172 2591 ‚
212 2525 266 2587 Sic
285 2522 473 2587 catholicam
498 2520 666 2585 ecclesiam
688 2522 774 2585 idem
794 2521 976 2608 Cyprianus
996 2523 1028 2585 in
1048 2523 1194 2619 Epistola
1209 2522 1251 2586 ad

211 2607 433 2673 Antonianum
454 2605 546 2668 initio
570 2621 662 2669 vocat
686 2609 875 2685 Romanam,
896 2616 930 2670 ut
947 2608 1021 2692 jorn
1041 2616 1131 2669 sciret
1151 2616 1182 2668 te
1202 2628 1252 2670 sa·

212 2715 292 2772 cum,
308 2692 362 2755 hoc
384 2701 440 2769 est,
456 2713 524 2753 main
547 2691 697 2754 catholica
719 2690 846 2755 ecelesia
868 2691 1099 2755 communicare.
1122 2692 1252 2755 Vasa-

214 2799 310 2842 sruS.
347 2779 398 2842 lta
413 2777 547 2862 probata
559 2798 597 2839 ac
612 2777 798 2861 pervulgata
811 2790 878 2839 crat
896 2777 965 2839 haec
980 2777 1103 2860 regula,
1118 2792 1155 2839 ut
1167 2797 1251 2839 con·

211 2864 346 2927 sessores
368 2859 408 2925 ad
431 2861 597 2924 ecclesiam
622 2860 792 2925 redeuntes
814 2862 846 2924 in
869 2861 1024 2946 superiori
1044 2858 1190 2946 Epistola
1207 2861 1251 2924 vi.

152 2954 153 2958 ’
211 2963 285 3018 ma.
302 2947 387 3011 illam
409 2960 572 3031 tamquam
598 2968 664 3008 rem
689 2946 838 3009 omnibus
863 2959 985 3023 notam,
1001 2958 1033 3007 et
1048 2966 1144 3030 quam
1166 2945 1251 3010 nulli

211 3035 359 3118 ignorare
385 3031 489 3109 liceat,
514 3030 733 3115 profiteantur.
787 3030 840 3094 Sic
867 3044 901 3093 et
927 3030 1109 3116 Cyprianus
1135 3029 1168 3092 in
1192 3051 1251 3093 se-

211 3132 329 3219 quente
344 3115 489 3202 Epistola
503 3115 543 3178 ad
559 3115 776 3178 Antonianum
794 3139 825 3177 n.
838 3127 869 3190 7.
885 3115 940 3178 ubi
957 3113 1144 3178 Cornelium
1163 3113 1253 3200 legi-

209 3219 288 3268 trmc
303 3201 484 3266 ordinatum
501 3221 570 3263 essc
586 3200 695 3263 multis
709 3200 863 3284 probavit,
879 3199 969 3264 addit
990 3199 1142 3273 demum:
1168 3199 1254 3264 Cam

207 3299 279 3373 post
295 3288 434 3372 primam
450 3285 597 3348 secandus
616 3308 756 3348 essenon
776 3284 885 3368 possit,
900 3284 1040 3370 quisquis
1060 3294 1130 3366 post
1149 3305 1251 3348 tinum

212 3373 266 3460 qni
281 3372 361 3435 solus
375 3394 437 3435 esse
451 3370 556 3433 deleat
570 3370 684 3454 fastris
704 3379 761 3448 est,
777 3392 837 3432 non
853 3370 927 3452 jam
950 3368 1098 3432 secundus
1113 3366 1180 3446 ille,
1195 3369 1256 3432 sed

210 3457 317 3523 nuilus
330 3468 386 3520 est.
410 3456 633 3518 Cousrsnr.
679 3454 727 3518 At
748 3476 821 3518 vero
843 3454 966 3517 sensui
991 3455 1017 3516 si
1037 3453 1191 3537 peculiari
1208 3475 1254 3518 ac

211 3542 340 3629 proprio
361 3540 550 3604 catholicam
573 3538 739 3601 ecclesiam
763 3538 930 3615 nominari,
952 3475 990 3600 id
1004 3539 1157 3601 Romanae
1180 3559 1255 3602 non

211 3625 449 3692 attribuendum
467 3637 525 3686 est.
554 3624 680 3686 Etenim
698 3623 802 3709 palam
815 3636 873 3701 est,
887 3622 953 3685 anti
978 3645 1036 3686 uos
1051 3625 1156 3708 patres
1168 3621 1255 3688 alias

211 3725 364 3798 praeterea
387 3707 548 3782 ecclesias,
575 3730 772 3794 quaecunque
802 3708 841 3771 ad
870 3645 1061 3772 cathrilicam
1088 3706 1253 3772 unitatem

210 3796 423 3885 pertinebant,
438 3792 498 3855 hac
514 3793 725 3878 appellatione
743 3793 830 3856 nulla
848 3793 931 3855 facta
953 3791 1157 3856 distinctione
1172 3791 1252 3878 dig-

171 3891 173 3895 ’
211 3883 279 3948 nari
293 3881 415 3945 solitos.
440 3877 515 3941 Vid.
531 3900 625 3961 supra
639 3891 706 3941 not.
721 3878 761 3941 ad
776 3877 864 3941 eund.
881 3875 1015 3941 Cornelii
1028 3875 1134 3960 Epist.
1150 3897 1183 3961 p.
1194 3890 1250 3941 30.

210 3971 382 4051 Nusquam
404 3963 449 4025 ait
469 3962 661 4046 Cyprianus,
678 3984 779 4048 neque
792 3963 926 4026 fortasse
946 3962 1009 4024 hoc
1030 3962 1097 4025 vult
1114 3959 1155 4024 de
1176 3959 1251 4047 Cy-

210 4053 321 4139 priano
343 4048 478 4132 intelligi
492 4047 650 4125 Valesius,
667 4049 845 4111 Romanam
868 4046 1060 4111 catholicam
1074 4044 1254 4115 ecclesiam

209 4136 372 4226 appellari,
388 4155 428 4196 eo
441 4132 528 4218 quod
544 4133 632 4196 radix
647 4131 688 4194 sit
702 4146 736 4196 et
749 4131 864 4195 matrix
876 4132 1022 4195 ecclesiae
1036 4129 1220 4195 catholicae.

139 4282 142 4287 .
253 4221 338 4287 ibid.
358 4219 381 4285 l.
397 4233 428 4282 3.
450 4215 653 4304 rapacissimos
678 4216 744 4297 river
768 4215 845 4300 pist]
872 4219 920 4281 Ex
943 4215 1006 4282 boc
1029 4215 1105 4282 loco
1130 4213 1255 4304 colligi
