2678 4756
226 287 297 393 ,¹⁸⁶
566 288 929 358 ANNOTATIONES

232 469 330 543 atque
354 460 556 545 contemptui
578 459 736 525 habuerit.
781 459 965 526 Concilium
987 473 1094 526 autern
1118 461 1271 527 incausa

231 542 384 629 Dionysii
415 545 595 609 Romanum
625 546 769 610 habiturn
799 559 848 609 est
877 567 962 610 anno
990 545 1114 610 Christi
1137 552 1209 611 260.
1234 559 1271 627 ut

232 626 337 712 magis
351 628 456 712 placet
469 630 630 714 Beanagio
643 631 675 694 in
685 629 805 694 Annei.
820 644 901 694 tom.
912 630 946 694 ii.
955 652 988 716 p.
998 644 1068 695 400.
1088 630 1144 695 De
1153 632 1272 718 cogni?

231 711 320 775 tione
335 733 420 793 vero,
436 735 533 799 quarn
554 714 759 780 instituerunt
781 715 929 791 Romani,
948 715 994 779 ita
1011 716 1125 780 scribit
1143 716 1187 779 la.
1199 717 1270 791 ¹Ca·

231 797 394 862 saubonus
421 799 454 862 in
478 799 637 884 opusculo
666 821 737 865 vere
763 822 860 864 aureo
887 800 940 865 De
967 799 1130 867 Libertate
1157 799 1269 866 Eccle-

230 880 357 946 sicstica
371 883 544 968 appellato,
559 885 616 948 ubi
637 883 678 949 de
695 884 769 972 jure
786 891 834 960 τῆς
854 885 965 949 emtis
985 891 1133 963 δπισκηῆς
1150 886 1270 972 agitur,

230 972 255 1007 “
268 988 334 1051 quo
356 967 432 1055 jure
455 969 513 1054 (ait
534 970 599 1052 ille)
620 969 684 1034 hoc
703 969 937 1035 sibiinterdum
959 971 1119 1035 antistites
1139 970 1269 1036 illorum

229 1058 452 1152 “temporum
474 1055 657 1132 sumebant,
678 1069 715 1119 ut
735 1055 762 1118 si
780 1056 852 1141 quis
867 1056 1040 1142 episcopus
1057 1056 1090 1120 in
1107 1055 1173 1120 alia
1190 1076 1270 1141 pro·

229 1141 253 1176 “
268 1137 369 1202 vincia
383 1139 467 1203 male
481 1140 598 1204 sentire
613 1140 653 1205 de
668 1139 728 1204 fide
746 1139 915 1218 diceretur,
927 1141 1166 1206 accusationem
1180 1140 1269 1228 ejus-

231 1222 360 1288 “modi
387 1245 452 1287 non
480 1225 575 1310 plane
598 1225 776 1312 rejicerent,
800 1225 857 1288 sed
883 1226 1041 1311 pertinere
1065 1224 1167 1290 ad'se
1193 1247 1269 1290 cum

229 1313 253 1346 “
267 1308 406 1373 maxime
415 1321 578 1394 putarent:
597 1310 717 1374 idcirco
731 1309 909 1395 Dionysius
928 1313 1092 1375 Romanus
1107 1309 1273 1390 Pontifex,

231 1397 256 1432 “
268 1412 370 1540 guum
390 1416 409 1458 a
430 1395 679 1481 Pentapolitanis
700 1416 775 1460 acce
797 1394 885 1473 isset,
906 1395 1104 1482 Dionysium
1123 1394 1269 1463 Alexan-

230 1483 252 1516 “
292 1478 346 1565 riae
363 1479 551 1565 episcopum
571 1480 612 1545 de
629 1494 743 1544 natura
790 1479 880 1544 bristi
902 1501 1069 1567 perperam
1089 1479 1210 1545 sentire
1231 1501 1269 1544 ac

228 1566 251 1602 “
267 1562 405 1627 scribere
414 1587 424 1642 ;
448 1564 640 1630 delationem
655 1564 749 1642 hanc,
761 1564 837 1629 licet
847 1565 958 1630 falsam
974 1578 1009 1630 et
1023 1564 1269 1643 calumniosam,

228 1652 252 1686 “
267 1659 304 1712 ut
333 1648 436 1712 exitus
462 1650 619 1734 probavit,
643 1671 708 1714 non
732 1649 892 1736 neglexit3
921 1651 977 1715 sed
1003 1672 1085 1714 vera
1108 1648 1269 1715 doctrinae

229 1734 478 1818 “patrocinium
500 1734 595 1799 simul
616 1734 769 1819 suscepit,
791 1756 828 1798 ac
848 1735 960 1800 falsam
982 1735 1103 1822 scripto
1118 1735 1268 1800 mirita-

229 1823 254 1857 “
269 1817 331 1883 vit:
347 1831 466 1883 etcum
480 1841 521 1884 eo
533 1819 704 1905 quisuerat
718 1819 843 1884 delatus
859 1841 915 1906 per
926 1820 1032 1884 literas
1047 1820 1136 1906 egit:
1153 1828 1273 1884 auetor'

227 1903 463 1968 “Athanasius
491 1905 535 1991 (in
560 1905 618 1971 lib.
639 1906 690 1969 De
714 1904 874 1969 Sententia
898 1905 1056 1991 Dionysii,
1081 1917 1117 1969 et
1139 1904 1267 1987 alibi).’'

229 1989 313 2053 Haec
326 1989 372 2054 vir
387 2011 524 2077 magnus
547 2012 618 2078 cap.
633 1991 683 2055 iii..
694 1992 724 2073 6.
734 1990 775 2053 iv.
790 2011 823 2074 p.
836 1996 904 2056 1s6.
918 1989 996 2055 edit.
1012 1995 1166 2066 an.1607.
1210 1988 1266 2055 Ad

227 2073 308 2138 alios
319 2088 436 2160 prater
448 2077 617 2162 praesulem
634 2078 817 2140 Romanum
837 2075 965 2141 mittere
987 2074 1157 2161 apologias
1171 2096 1269 2225 supper

227 2159 341 2223 eadem
364 2182 398 2224 re
423 2173 554 2227 coactus
578 2175 628 2226 est
649 2160 847 2247 Dionysius3
871 2182 945 2223 nam
968 2182 1008 2224 ex
1028 2159 1144 2239 eodem
1161 2161 1196 2224 A
1235 2183 1269 2225 a·

228 2245 308 2308 nesii
325 2245 408 2310 libro
433 2269 521 2311 nuni.
534 2246 596 2311 xix.
617 2267 649 2333 p.
664 2251 734 2310 256.
750 2244 804 2309 ed.
822 2244 1018 2310 benedictin.
1034 2245 1150 2330 liquet,
1166 2245 1272 2332 scrip'

227 2329 306 2394 sisse
335 2330 425 2394 illum
456 2331 630 2395 nonnullas¹
648 2329 810 2417 epistolas,
833 2330 951 2416 quibus
973 2329 1093 2395 similes
1115 2328 1270 2394 crimiua·'

226 2415 331 2479 tiones
352 2415 601 2480 adversariorum
625 2417 745 2480 fuerint
767 2414 890 2493 dilutae,
911 2427 1082 2501 antequam
1104 2415 1268 2481 celebrem

227 2500 396 2584 epistolam
411 2500 548 2586 Ἐλέγχε
563 2502 610 2564 καὶ
625 2499 798 2586 Ἀπολογίας
813 2499 850 2567 ad
867 2503 1049 2564 Romanum
1068 2499 1158 2565 Dion
1183 2499 1267 2564 sium

226 2584 377 2649 dedisset.
422 2588 569 2672 Ipsarum
592 2600 699 2650 tamen
718 2608 803 2650 nunc
817 2585 1054 2671 deperditarum
1069 2607 1134 2649 una
1161 2597 1267 2650 ortas·

226 2671 269 2734 sis
282 2685 351 2734 erat
365 2671 533 2757 illa,quam
547 2684 704 2736 memorat
714 2671 939 2756 conscripsisse
950 2693 985 2735 se
993 2670 1035 2735 ad
1048 2669 1190 2734 eundem
1201 2671 1268 2736 Ro·

226 2777 359 2819 manum
374 2757 544 2842 praesulem
563 2757 631 2842 ipse
646 2777 776 2843 quoquc
791 2756 963 2841 episcopus
978 2755 1219 2821 Alexandrinus
1235 2755 1266 2821 in

225 2841 414 2926 fragmentis
428 2842 514 2906 illius
528 2842 672 2927 epistolae
685 2841 748 2905 sive
763 2841 936 2927 apologiae,
948 2862 1039 2905 num.
1049 2840 1135 2904 xviii.
1151 2862 1187 2927 p.
1197 2845 1270 2905 255.Ι

225 2926 275 2991 vel
297 2926 379 2990 infra
400 2929 441 2991 ad
463 2950 538 3014 pag.
559 2935 625 3006 196.
671 2927 832 2990 Caeterum
849 2925 1041 2990 Gallandius
1062 2925 1095 2989 in
1112 2938 1208 2991 torno
1222 2925 1266 2990 iii.

226 3011 379 3078 Billictlr.
395 3015 527 3078 Patrem
543 3035 610 3077 suae
625 3012 688 3075 hoc
706 3010 856 3099 Dionysii
878 3011 1016 3075 Romani
1034 3011 1266 3097 fragmentum,

225 3119 379 3162 unacum
396 3099 578 3164 Coustantii
600 3097 715 3163 notitia
736 3095 1129 3183 animadversionibusque
1148 3092 1267 3196 pariter

225 3205 263 3248 ac
275 3183 503 3250 Montlauconi
517 3184 650 3265 notulis,
663 3183 806 3268 reposuit
810 3206 820 3264 3
836 3181 925 3270 quod
937 3181 1017 3248 mihi
1031 3179 1178 3246 constitit
1191 3193 1266 3267 post

225 3289 307 3354 opus
322 3285 488 3355 peractum
503 3292 624 3335 meum.

237 3392 241 3399 ·
270 3357 304 3418 P.
317 3367 384 3434 179.
400 3356 464 3420 l.⁵.
486 3359 568 3435 Ἑξῆς
590 3358 611 3418 δ’
629 3354 662 3418 cir
684 3353 793 3429 εἰκότως
811 3354 885 3438 &c.]
910 3351 1041 3437 Insigne
1064 3349 1151 3414 istud
1171 3350 1265 3437 frag·

225 3452 372 3504 mentum
385 3440 539 3506 debemus
552 3439 743 3518 AthanasiO,
759 3461 778 3503 a
792 3460 858 3525 quo
874 3438 906 3502 in
922 3436 1058 3522 epistola
1072 3435 1114 3499 de
1128 3434 1266 3500 decretis

224 3523 370 3588 Nicaenae
385 3526 500 3611 synodi
514 3548 546 3589 n.
559 3532 608 3589 26.
624 3524 670 3589 sic
684 3524 851 3589 laudatur:
875 3521 1048 3608 Dionysius
1063 3541 1185 3618 quoqne
1203 3520 1265 3584 Ro-

226 3630 289 3672 mae
299 3609 465 3693 episeopus,
478 3609 610 3673 scribens
621 3619 728 3673 contra
743 3606 947 3686 Sabellianos,
963 3606 1107 3670 adversm
1121 3604 1195 3669 ellus
1232 3604 1266 3669 ni

227 3691 307 3757 talia
324 3740 333 3756 .
350 3741 358 3758 .
377 3742 385 3757 .
404 3694 539 3776 (scilicet
551 3695 697 3760 Verbum
712 3695 835 3759 factum
849 3706 882 3758 et
893 3706 1036 3758 creatum
1049 3691 1169 3773 ossele
1252 3699 1266 3753 t

225 3779 337 3858 dicere,
353 3778 537 3867 indignatur
550 3779 597 3843 lis
610 3779 720 3845 verbis.
763 3781 813 3844 Ex
832 3800 871 3843 eo
886 3799 984 3864 opere
998 3787 1187 3860 excerptum
1202 3787 1265 3853 est,

226 3864 315 3952 quod
338 3864 425 3930 idem
447 3865 644 3930 Athanasius
670 3865 764 3951 epist.
794 3863 834 3928 de
858 3862 1015 3927 sententia
1033 3860 1135 3926 Dion.
1162 3881 1195 3924 u.
1218 3873 1264 3924 13.

168 3989 171 3995 ·
226 3962 334 4015 contra
350 3948 553 4031 Sabellianos,
565 3961 595 4014 et
608 3971 656 4014 ecs
672 3949 727 4050 qni
745 3949 924 4034 ejuscescat
938 3945 1103 4024 sententiae
1118 3944 1155 4008 ab
1168 3966 1266 4032 quarn

223 4036 323 4103 Arius
338 4035 376 4100 ab
391 4035 517 4101 ecclenu
528 4047 635 4136 postea
653 4045 766 4121 ejectus
788 4044 846 4114 cst,
868 4032 1022 4117 scriptum
1038 4029 1138 4110 dicit3
1158 4029 1267 4117 quod·

142 4242 146 4247 ·
248 4208 351 4273 riuum
368 4206 465 4272 simul
478 4207 577 4273 missa
594 4203 859 4293 distinguendum
879 4223 950 4270 esse
970 4201 1024 4287 luc
1040 4199 1263 4288 probabimus.

98 4114 101 4121 ’
180 4138 185 4165 ·’
224 4145 289 4273 pue
303 4122 345 4187 ab
359 4121 496 4208 epistola
509 4120 652 4221 ejusdem
669 4118 830 4206 pontificis
847 4117 889 4184 ad
907 4115 1103 4217 Dionysium
1121 4114 1266 4180 Alexan·

75 4130 134 4455 5
174 4386 192 4417 ο
224 4293 386 4382 Scriptum
399 4292 487 4362 istud
499 4293 543 4363 ab
557 4290 695 4383 epistola
712 4289 756 4360 ad
768 4289 980 4381 Dionysium,
998 4307 1098 4378 quam
1112 4284 1263 4355 Atheus-
