2678 4756
270 600 286 725 ss
385 610 993 772 annosasrouss

256 820 318 987 m
346 906 386 987 s.
410 820 752 989 plurumum
779 908 1114 991 naumann.
1201 854 1207 871 ’

192 1346 257 1412 DE
278 1346 515 1413 APOLOGIA
529 1347 570 1412 ·S.
596 1347 821 1414 PAMPHILI
846 1351 932 1416 PRO
955 1350 1175 1416 ORlGENE.

203 1516 393 1583 Qurrtuus
415 1516 516 1581 libros
531 1516 705 1603 Apologiae
722 1517 819 1605 hujus
835 1541 855 1582 a
870 1518 1041 1606 Pamphilo
1057 1520 1205 1609 Martyre

159 1600 320 1688 simulque
342 1603 384 1667 ab
404 1603 546 1667 Eusebio
567 1603 758 1668 Caesariensi
780 1605 980 1704 conscriptos
997 1605 1112 1687 fuisse,
1135 1616 1203 1673 tum

159 1687 361 1752 verolibrum
379 1702 505 1752 sextum
518 1703 591 1774 post
605 1702 742 1753 mortem
757 1690 916 1776 Pamphili
925 1691 967 1757 ab
979 1690 1126 1757 Eusebio
1136 1692 1204 1759 solo

159 1794 230 1839 esse
244 1775 473 1858 compositum,
485 1773 602 1838 eruditi
618 1775 684 1840 fere
699 1797 810 1839 omnes
826 1775 1033 1841 consentiunt
1042 1799 1052 1854 3
1070 1790 1203 1865 praeter·

159 1881 255 1947 quam
273 1859 362 1946 quod
379 1859 478 1946 justis
500 1860 540 1923 de
562 1860 679 1937 causis,
699 1875 736 1926 ut
757 1860 833 1939 dixi,
848 1861 891 1925 ali
916 1861 948 1927 ui
966 1861 1202 1945 existimarunt,

157 1944 247 2032 prius
262 1946 415 2031 scriptum
433 1945 530 2009 fuisse
542 1968 562 2010 a
576 1946 744 2030 Pamphilo
758 1967 861 2033 eoque
874 1884 945 2011 stilo
959 1946 1080 2013 librum
1098 1949 1202 2037 operis

157 2029 302 2118 ejusdem
317 2031 468 2117 primum.
513 2033 632 2117 Neque
649 2054 724 2096 vero
741 2031 892 2118 opinione
912 2031 953 2096 de
970 2031 1093 2117 juncto
1108 2056 1131 2099 o

157 2116 191 2181 in
207 2117 296 2181 libris
309 2117 433 2180 caeteris
445 2116 524 2180 fides
535 2115 731 2180 detrahenda
745 2134 806 2196 est,
815 2117 875 2181 etsi
887 2118 1122 2185 contradixerit
1165 2145 1198 2186 u-

158 2201 248 2267 sebio
264 2224 340 2266 suos
355 2202 454 2287 ipsius
469 2216 566 2289 atque
580 2203 675 2267 amici
691 2203 741 2267 sui
757 2202 883 2267 labores
904 2205 1043 2268 narranti
1068 2205 1105 2269 S.
1122 2206 1198 2271 Hie·

155 2310 323 2374 ronymus,
337 2288 392 2374 qui
409 2288 542 2373 Origeni
555 2299 589 2351 et
604 2288 721 2352 Rufino
732 2288 802 2375 jam
816 2288 970 2353 infensior
982 2287 1134 2357 redditus
1148 2304 1195 2357 to·

154 2394 226 2438 mos
248 2395 362 2437 omnes
384 2374 440 2437 uni
462 2372 605 2437 Eusebio
629 2373 817 2438 tribuendos
842 2395 912 2439 esse
937 2395 1022 2460 saepe
1044 2397 1086 2440 ac
1112 2376 1194 2442 valde

154 2459 301 2523 affirmat.
347 2458 410 2523 Sed
426 2458 585 2523 difficilior
599 2471 648 2522 est
663 2460 803 2545 quaestio
815 2459 854 2523 de
870 2459 932 2524 fide
947 2461 1070 2539 Rufini,
1087 2462 1142 2550 qui
1157 2460 1193 2527 li·

115 2562 119 2569 ·
154 2545 250 2608 brum
265 2544 417 2630 primum,
431 2567 515 2608 nunc
531 2544 674 2622 unicum,
690 2545 781 2609 istius
797 2545 912 2630 operis,
928 2545 1021 2633 cujus
1041 2547 1132 2612 sicut
1148 2568 1193 2612 re·

153 2631 317 2717 liquorum
334 2630 487 2693 librorum
504 2645 609 2694 textus
625 2631 759 2694 Graecus
769 2630 962 2716 jamdudum
981 2631 1130 2717 perditus
1138 2648 1193 2713 est,

153 2716 186 2780 in
207 2716 353 2801 linguam
373 2716 520 2779 Latinam
536 2715 640 2779 vertit.
687 2717 836 2780 Rufinum
853 2716 937 2779 enim
958 2716 1069 2801 palam
1091 2718 1193 2805 arguit

31 2804 37 2819 ²
153 2802 375 2887 Hieronymus
396 2801 581 2865 mutationis
599 2814 632 2864 et
651 2801 858 2900 detractionis
878 2803 991 2901 operis·
1002 2802 1098 2868 istius
1109 2827 1120 2882 3
1144 2825 1193 2868 ne-

152 2910 216 2975 que
232 2889 376 2973 profecto
391 2909 482 2951 aures
497 2887 552 2950 ille
565 2886 697 2950 claudet
718 2901 925 2963 accusatrom,
941 2908 993 2950 cur
1009 2899 1130 2953 notum
1144 2890 1191 2969 sit,

153 2997 216 3062 qua
230 2973 354 3041 ratione
369 2973 454 3036 idem
474 2972 630 3058 interpres
650 2973 771 3036 multos
791 2973 881 3037 locos
902 2972 1062 3036 librorum
1079 2975 1193 3061 Orige-

152 3060 201 3123 nis
222 3060 289 3140 περὶ
312 3064 409 3145 ἀρχῶν
431 3058 546 3121 Latine
568 3059 835 3142 repraesentaverit
846 3083 856 3137 3
880 3080 944 3144 qua
965 3057 1005 3121 de
1026 3080 1062 3123 re
1077 3082 1190 3125 consu·

151 3145 243 3211 lenda
268 3159 318 3208 est
335 3143 599 3231 praestantissima
616 3143 716 3207 libelli
739 3143 838 3207 editio
853 3144 885 3206 in
902 3157 993 3207 tomo
1008 3145 1121 3228 primo
1132 3147 1190 3211 Be·

108 3240 116 3247 “
151 3230 321 3295 nedictinae
356 3231 420 3293 sive
459 3228 652 3293 Delaruanae
687 3229 836 3292 editionis
868 3229 1003 3313 Operum
1036 3230 1189 3318 Origenis.

150 3318 258 3381 Immo
281 3316 413 3380 Rufinus
429 3314 545 3400 ipsein
562 3314 703 3401 Epilogo
723 3314 762 3377 ad
787 3315 923 3378 Librum
944 3314 1044 3378 istum
1064 3316 1099 3380 A
1146 3316 1188 3382 lo-
1233 3382 1235 3391 ,

148 3403 305 3489 geticum,
322 3402 361 3465 de
382 3423 448 3486 quo
469 3401 608 3485 agimus
623 3399 783 3486 ejusmodi
798 3400 876 3485 quid
891 3399 1038 3464 confiteri
1053 3339 1188 3483 vitiiotur,

149 3510 225 3553 cum
241 3488 297 3566 ait,
313 3510 344 3551 se
359 3485 594 3572 Apologeticum
609 3485 709 3548 suncti
728 3485 879 3572 martyris
901 3483 1078 3568 Pamphili,
1099 3497 1189 3574 prout

145 3573 263 3658 potuit,
278 3571 328 3635 vel
341 3594 389 3635 res
404 3570 558 3656 poposcit,
572 3570 688 3635 Latino
702 3593 838 3634 sumone
853 3569 1026 3656 digessisse.
1075 3573 1188 3639 Itidem
1233 3582 1235 3653 ξ

69 3736 75 3743 ¹
103 3659 110 3677 “
149 3658 235 3723 idem
250 3658 311 3721 iste
321 3657 476 3743 interpres
490 3656 651 3720 Homilias
664 3655 886 3742 origenianas,
899 3655 1067 3741 praecipue
1079 3658 1188 3723 illasio

147 3743 339 3821 leviticum,
354 3744 524 3807 confitetur
543 3763 577 3805 se
592 3742 721 3805 vertisse
736 3742 879 3818 liberius,
893 3738 1109 3825 adimplendo
1122 3766 1187 3843 qpe

44 3834 47 3839 ’
116 3892 120 3901 ,
146 3830 293 3895 deerant.
312 3829 389 3894 Vid.
405 3831 546 3891 Perorat.
559 3826 629 3913 ejus
643 3826 862 3890 Commeaturii
877 3824 1022 3914 Origenis
1033 3826 1071 3891 in
1086 3830 1187 3916 Epist.

147 3916 189 3980 ad
204 3916 367 3981 Romanos.
410 3913 519 3979 Quid?
542 3913 631 3998 quod
649 3911 845 3976 adversarius
863 3912 943 3997 ipse,
959 3911 1017 3997 qui
1035 3913 1186 3981 Rufinum

145 4001 316 4078 accusavit,
330 3999 485 4086 gloriatus
506 4013 554 4062 est
576 3998 810 4085 Hieronymus,
828 4019 862 4060 se
883 3998 913 4060 in
937 3999 1096 4064 vertendo
1116 3998 1187 4066 Ori·

145 4109 229 4176 gene
250 4086 344 4151 noaiu
367 4105 500 4172 quaeque
519 4083 725 4162 detmncusse,
739 4082 834 4146 utilia
850 4081 1082 4150 transtulisse?
1111 4085 1185 4172 Epi·

144 4172 225 4238 stola
238 4173 280 4238 ud
295 4169 496 4255 Theophilum
511 4168 606 4234 Alex.
622 4191 655 4254 p.
671 4181 737 4244 187.
754 4168 805 4233 ed.
821 4169 955 4234 Froben.
