2678 4756
307 295 361 363 ut
384 290 615 363 couctma
637 292 875 360 cuninae.
1051 267 1110 378 sn

60 463 176 552 guisse
187 464 269 531 discr
290 462 401 543 linum,
412 477 528 530 testem
541 486 611 529 esse
624 463 728 551 ipsam
740 463 828 529 illam
839 459 1019 551 synodum,
1027 460 1109 527 Cau.

63 570 157 616 vm.
173 552 226 617 De
238 486 344 651 Affiris,
360 550 443 638 quod
459 550 591 636 proprio
610 549 678 698 lege
697 572 754 614 suu
773 560 906 614 utuntur
919 558 954 610 ut
970 546 1109 632 rebapti-

62 636 294 722 nensptucut,
305 638 380 701 atsi
394 636 438 701 ud
448 636 638 701 ecclesianis
654 636 737 724 iquis
749 636 786 699 de
798 632 909 698 ltceresi
918 632 1045 710 venerit,
1060 633 1110 695 in·

63 730 225 811 tetingent
239 745 308 786 eum
323 721 514 810 mmlolrtmt
537 732 567 789 et
581 722 811 806 siperuiderint
827 741 896 784 eum
914 719 946 782 in
962 721 1060 783 Putre
1078 727 1111 781 et

63 805 150 871 Filio
171 818 203 872 et
226 808 348 894 Spiritu
371 807 482 872 Sancto
505 829 569 871 esse
590 806 797 894 baptizatum,
818 827 929 871 monus
944 804 972 868 ei
988 815 1112 868 tantum

64 891 257 976 imponatur,
274 905 310 958 ut
333 893 467 977 occipiat
490 893 644 978 Spiritum
660 895 820 960 Sanctum.
868 893 985 969 Porro,
1001 889 1028 953 si
1046 889 1112 955 tale

64 1000 209 1065 unquam
223 980 398 1047 concilium
420 979 587 1055 extitisset,
611 993 700 1044 certo
723 978 842 1043 certius
856 976 1063 1065 Augustinus
1077 974 1112 1039 iu

65 1063 236 1150 Responso
245 1087 317 1143 suo,
328 1065 359 1129 in
370 1065 428 1129 lib.
437 1070 468 1129 6.
481 1079 515 1128 et
524 1078 555 1141 7.
573 1065 689 1129 Contra
696 1064 897 1139 Donatistus,
910 1076 983 1161 post
994 1060 1108 1149 singu-

64 1147 126 1226 las,
141 1171 222 1235 quas
234 1150 339 1228 affert,
353 1150 526 1215 sententias
560 1165 677 1230 atrum,
687 1150 741 1236 qui
753 1150 784 1214 in
795 1148 945 1214 Concilio
954 1146 1111 1211 Africano

65 1232 165 1297 tertio
193 1234 234 1298 de
263 1236 432 1322 Baptismo
455 1172 676 1311 interierant,
702 1235 742 1298 dc
768 1246 940 1299 retractata
967 1232 1111 1318 ipsorum

66 1318 221 1404 opinione
235 1320 276 1384 ad
292 1342 422 1385 omnem
437 1342 561 1384 versum
579 1321 723 1385 nonnihil
742 1320 889 1407 ingerere
908 1318 1110 1404 perstitisset.

112 1404 148 1466 P.
162 1419 212 1469 85.
226 1405 249 1470 l.
261 1419 291 1472 4.
306 1406 347 1470 ad
363 1407 437 1490 nos]
455 1406 577 1471 Mirum
591 1422 640 1471 est
655 1407 713 1470 bas
722 1426 828 1483 voces,
837 1427 911 1504 quae
923 1414 1111 1489 propagatae

66 1502 144 1553 sunt
158 1512 198 1554 ex
217 1490 359 1555 editione
372 1493 509 1569 Erasmi,
529 1491 647 1556 desunt
663 1491 751 1556 enim
769 1491 801 1554 in
821 1490 890 1554 altis
904 1488 1114 1567 editionibus,
1123 1494 1133 1558 ,’

65 1596 134 1638 non
152 1576 284 1662 reperiri
303 1578 365 1641 uisi
380 1578 413 1641 in
435 1578 539 1643 tribus
554 1577 693 1664 antiquis
707 1575 953 1664 exemplaribus,
968 1572 1112 1662 quamvis

9 1728 16 1740 ,
64 1658 152 1724 hauc
165 1662 335 1747 epistolam
350 1663 541 1728 contulerim
557 1684 631 1726 cum
651 1662 765 1749 viginti
779 1683 845 1726 sex.
890 1661 1018 1725 Desunt
1031 1679 1112 1747 ergo

65 1744 100 1809 iu
112 1744 304 1828 Turonensi‚
318 1749 352 1812 in
366 1770 433 1812 uno
450 1748 651 1834 Remigiano,
667 1762 700 1812 et
714 1747 747 1811 in
760 1747 923 1812 Beccensi.
945 1747 1113 1811 Bssuar·

68 1848 129 1896 us.
173 1833 289 1898 Voluit
311 1834 418 1897 dicere
439 1833 606 1907 Baluzius,
628 1834 756 1897 Extant
781 1856 814 1896 er
837 1857 864 1909 o,
896 1853 961 1894 non
988 1832 1114 1895 Desunt

66 1938 153 2065 ergo.
196 1919 235 1981 ln
257 1918 404 2004 pluribus
418 1932 525 1982 autem
542 1919 668 2004 scriptis
685 1918 755 1982 haec
771 1856 877 1982 Fefius
891 1915 1021 1982 invenit.

130 2001 197 2068 bid.
223 2004 245 2068 l.
260 2010 292 2067 6.
317 2027 390 2091 quae
411 2027 477 2069 una
499 2020 531 2067 et
548 2025 622 2067 vera
643 2004 706 2088 est]
732 2005 783 2067 Ita
805 2002 1003 2067 restituimus
1025 2000 1113 2065 hunc

65 2086 179 2152 locum
206 2110 246 2153 ex
272 2089 334 2153 lide
362 2105 502 2175 quatuor
531 2103 673 2154 vetemm
699 2088 868 2153 librorum.
897 2089 1111 2153 Basuztus.

66 2172 193 2260 Vulgo,
227 2196 353 2239 areuna
368 2186 426 2238 est.

111 2259 197 2324 lbid.
206 2197 236 2323 i.
250 2275 296 2323 11.
311 2260 567 2325 antecessoribus
581 2260 713 2343 nostris]
730 2257 914 2347 Agrippino
925 2256 1072 2322 videlicet
1081 2270 1116 2323 et

66 2343 150 2423 aliis,
171 2366 257 2432 quos
279 2346 484 2433 septuaginta
499 2345 597 2411 fuisse
619 2343 731 2410 scribit
749 2358 879 2410 sanctus
893 2344 949 2407 Au
996 2342 1111 2423 stinus,

65 2430 117 2495 uti
132 2431 319 2495 monuimus
335 2431 374 2495 ad
388 2432 556 2518 epistolam
574 2453 692 2496 nonam
714 2452 790 2517 pag.
800 2437 872 2509 396.
907 2429 950 2494 Vi
973 2449 992 2492 e
1014 2428 1113 2492 etiam

65 2530 162 2580 notas
186 2516 227 2580 ad
249 2518 418 2602 epistolam
443 2517 542 2581 lxxiii.
575 2517 787 2582 anuztus
831 2514 926 2581 Nihil
945 2513 1045 2579 habet
1059 2514 1114 2579 ¹ibi

64 2601 222 2667 Baluzius
246 2602 287 2667 de
307 2602 483 2688 Agrippini
506 2616 664 2689 tempore,
685 2602 775 2689 quod
797 2600 927 2688 quidem
951 2599 1113 2687 plerisque

64 2686 194 2751 videtur
210 2687 355 2773 ignotius
378 2709 459 2766 esse,
480 2710 579 2774 quam
602 2701 638 2752 ut
659 2688 738 2751 certi
754 2686 876 2772 aliquid
907 2685 948 2753 de
971 2706 1011 2748 eo
1034 2707 1054 2748 a
1076 2706 1112 2752 se

64 2784 239 2836 statuatur.
274 2774 362 2836 Nam
379 2773 482 2860 quiC
529 2774 619 2838 riano
639 2773 764 2837 suntin
778 2768 926 2858 Epistola
941 2793 1000 2835 sua
1013 2771 1112 2837 lxxiii.

64 2857 133 2922 sive
147 2857 191 2920 ud
202 2857 406 2936 hiduinum,
425 2881 478 2923 mu
494 2871 520 2923 tr
542 2858 619 2922 unni
638 2870 669 2923 et
685 2857 887 2946 longoretus,
911 2878 979 2936 eos,
995 2869 1114 2940 paucos

64 2952 141 3007 ante
156 2943 350 3041 cyprianum
366 2966 462 3007 annos
481 2945 622 3030 appellat
640 2944 847 3043 Augustinus
865 2942 922 3006 lib.
938 2943 978 3005 iv.
996 2942 1113 3007 Contra

64 3028 231 3092 Donatus.
252 3049 324 3114 cap.
341 3035 372 3094 6.
417 3030 574 3094 Attamen
589 3030 659 3116 jam
683 3031 740 3093 dtu
762 3029 849 3115 apud
868 3029 967 3091 Afros
990 3028 1112 3092 invalu-

64 3112 130 3178 isse
143 3135 164 3176 o
188 3112 328 3178 inionem
345 3114 385 3177 de
400 3115 537 3180 vanitate
549 3115 701 3200 baptismi
713 3115 953 3189 haereticorum,
970 3113 1113 3178 ostendit

63 3136 298 3278 Tertullianus,
316 3200 424 3263 adbuc
438 3200 628 3279 catholicus,
648 3200 683 3263 in
698 3200 782 3264 libro
799 3221 857 3262 suo
872 3199 924 3262 De
936 3197 1110 3346 Bugtismo,

63 3283 125 3348 ubi
144 3283 261 3348 iisdem
285 3284 387 3349 fultus
409 3285 599 3366 rationibus,
617 3308 697 3374 quas
711 3285 805 3349 nobis
820 3283 959 3348 inculcat
994 3283 1113 3370 ·ypria·

63 3391 138 3448 nus,
159 3369 322 3456 improbat
342 3392 431 3449 eum,
450 3383 549 3457 atque
570 3394 628 3456 pro
648 3371 738 3435 irrito
753 3371 862 3434 habet.
884 3368 1110 3453 Vid.cap.15.

66 3455 177 3519 Immo
198 3476 274 3519 vero
297 3455 330 3518 in
349 3455 561 3541 Geographia
579 3456 700 3520 Alticae
722 3458 820 3520 Sacra
841 3454 876 3517 S.
893 3453 1008 3538 Optato
1028 3475 1046 3516 a
1069 3452 1110 3518 cl.

63 3539 215 3626 Dupinio
235 3541 366 3627 praelixa
387 3556 463 3626 post
483 3542 579 3606 verba
599 3541 789 3606 Tertulliani
810 3539 852 3604 ad
869 3561 903 3636 p.
912 3561 984 3603 xxx.
1003 3538 1112 3619 allata,

65 3625 160 3689 Circo
184 3625 346 3690 ttoereticos
371 3647 445 3689 sone
491 3626 546 3689 uid
570 3626 813 3701 custodiendum,
841 3624 937 3712 degne
961 3624 1033 3713 quis
1059 3647 1110 3690 re-

66 3713 212 3774 tractet?
233 3710 276 3774 od
288 3732 343 3774 nos
358 3711 439 3774 enirn
453 3648 572 3776 editum
587 3722 657 3790 est,·
679 3733 735 3797 per
755 3710 868 3775 eadem
887 3710 982 3775 verba
1000 3709 1111 3798 desig·

65 3796 135 3859 stati
150 3795 196 3860 ait
211 3817 245 3860 se
261 3796 348 3860 haud
363 3795 510 3860 dubitare
524 3797 571 3860 vir
584 3795 791 3862 doctissimus
806 3795 970 3860 decretum
986 3795 1110 3882 Agrip-

63 3879 132 3965 pini
152 3895 267 3945 contra
286 3880 514 3947 haeoeucorum
531 3882 712 3967 baptisma3
733 3881 871 3969 indeque
884 3886 918 3944 et
933 3902 972 3943 ex
988 3878 1110 3968 Cypri·

64 3965 117 4029 ani
131 3965 236 4030 verbis
255 3966 393 4054 colligit,
414 3966 513 4031 videri
526 3967 756 4054 Agrippinum,
777 3989 843 4032 non
858 3966 965 4042 tertio,
987 3979 1025 4029 ut
1039 3966 1110 4030 vul·

63 4070 111 4136 go
124 4065 255 4137 putant,
273 4051 329 4116 sed
347 4052 408 4123 sub
423 4052 519 4116 finem
537 4051 671 4118 secundi
684 4053 828 4117 ecclesiae
844 4050 954 4116 saeculi
970 4049 1110 4115 Cartha-

90 4135 142 4201 'ne
155 4136 287 4202 sedisse.
316 4138 434 4225 Neque
447 4150 577 4205 aetatem
585 4138 759 4225 Agrippini
770 4137 891 4203 diverse
899 4135 1111 4201 constituerat

63 4156 175 4291 ienae
194 4221 237 4289 ad
260 4220 368 4288 locum
394 4222 488 4291 illum
521 4222 675 4312 Epistola
703 4224 747 4292 ud
767 4220 970 4303 Jutuianum,
991 4242 1025 4319 p.
1040 4222 1109 4302 199.
