2678 4756
151 272 217 337 ιιι
488 206 850 325 uuuomrrouss

157 420 282 486 firmant
296 420 409 486 codices
425 420 589 486 Bodleinni
603 422 756 510 plerique.
801 425 877 489 Hoc
894 424 1072 508 οιροόιγεθαι
1089 424 1186 490 adfer·

157 522 210 571 tur
224 507 265 571 ud
280 529 368 571 oram
386 507 463 572 edit.
481 507 685 572 conciliorum
698 508 831 573 Labbaei
845 525 878 574 et
894 510 1040 575 Cossum.
1056 524 1092 575 et
1106 524 1187 576 extet

156 592 190 665 iu
207 592 340 659 Conone
355 594 436 657 XII.

158 742 161 747 .
203 680 237 743 P.
247 692 319 754 407.
332 679 357 743 Ι.
370 693 401 743 8.
422 675 659 778 προχειρόζιθαι.]
670 679 732 778 ΙΑἰῑ
743 681 921 781 Matthaeur
932 681 1099 781 Bleptares
1111 681 1185 779 Spu·

156 762 572 937 ttttssst’lfdssiitttt
584 766 1185 941 {ttntitdt‘tttdttsstt

157 942 237 1021 (cor.
253 935 309 1019 ιό.)
325 936 425 1000 κανόνι.
449 935 525 1001 Vid.
542 956 639 1022 supra
651 936 693 1002 sd
707 958 783 1026 pag.
794 953 864 1004 ³42.

545 1140 710 1207 CANON
738 1143 797 1209 lv.

199 1275 284 1343 Ibid.
299 1277 323 1342 Ι.
339 1292 386 1341 10.
409 1273 455 1355 καὶ
467 1281 520 1339 τῶν
534 1275 742 1361 immorimur]
758 1276 813 1341 Al.
827 1274 873 1358 nui
883 1277 953 1355 δότε
968 1283 1023 1343 τὸν
1037 1281 1066 1343 δ.
1081 1273 1185 1345 Labbt

153 1379 188 1429 et
209 1364 351 1429 Cossart.
372 1361 413 1427 ad
434 1384 536 1448 marg.
552 1362 604 1427 ed.
624 1385 692 1427 suae
713 1361 928 1427 Consiliorum.
974 1367 1062 1431 Mox
1077 1366 1182 1431 iterum

153 1449 194 1514 ed
209 1471 320 1517 vocem
335 1449 497 1553 φαιδροτόριρ
516 1448 610 1512 iidem
631 1463 817 1534 posueruut,
829 1449 884 1513 At.
900 1450 1086 1537 οφοδροτέριρ.
1117 1454 1182 1517 Ηοο

152 1550 261 1603 autem
276 1538 445 1684 οριδὲοτερῳ
459 1535 493 1599 in
510 1534 636 1599 Titiana
650 1533 783 1599 editione
794 1536 954 1601 Curionum
967 1552 1072 1624 atque
1084 1538 1184 1603 Codice

155 1623 313 1687 Curionum
361 1619 480 1686 eclesiae
493 1619 679 1687 όιιοόοόόιόνιο
692 1632 792 1686 extat.
914 1632 917 1639 '

199 1707 282 1773 Ibid.
297 1706 320 1771 Ι.
336 1722 383 1769 11.
405 1711 440 1780 οἷς
455 1711 492 1771 ταὶ
504 1705 621 1788 εἴδωλα]
635 1705 694 1771 Nil
714 1728 809 1793 opu8,
823 1717 861 1773 ut
879 1710 916 1781 εἰς
937 1711 978 1771 τοὶ
995 1711 1123 1773 οἶδαολεῖα
1139 1730 1182 1775 re·

152 1815 266 1880 ponas,
280 1792 340 1857 etsi
362 1792 394 1855 in
415 1791 505 1856 idolio
528 1792 634 1857 Latini
653 1796 844 1878 Interpretes
864 1792 1012 1879 plerique
1035 1796 1183 1880 prebent,

152 1880 386 1964 Aristeuusque
398 1878 429 1941 in
441 1877 506 1941 loci
517 1877 714 1963 expositione
723 1877 821 1942 habet
832 1883 906 1963 ἐντῷ
918 1880 1060 1965 ιῖὃιιλεόιρ.
1084 1874 1184 1946 Ζοῃοέ

151 1988 205 2031 ros
215 1966 300 2029 enirn
312 1965 348 2038 εἰς
362 1969 399 2028 ταὶ
410 1962 510 2028 ἐόὸαλα
521 1964 651 2042 invenit,
665 1963 721 2049 qui
733 1962 959 2044 scribirs'om,
970 1969 1055 2045 φησὶν
1068 1973 1083 2031 ό
1094 1967 1184 2046 ιιόινιιν,

150 2051 302 2130 βιαῶἐντις
316 2049 429 2129 ἔθυσαν,
443 2049 458 2127 ἢ
474 2051 522 2114 καὶ
536 2054 562 2113 ἐν
576 2053 632 2123 τοῖς
645 2048 761 2124 ιέδώλοις
776 2048 941 2127 ἐδόκησαν.
968 2052 1073 2117 Porro
1084 2052 1184 2118 Prima

151 2137 270 2205 Lucina
286 2135 399 2215 Verrio,
414 2158 510 2222 quam
527 2134 626 2199 modo
642 2136 830 2213 memoravi,
842 2135 942 2200 habet
956 2137 1047 2221 apud
1060 2137 1152 2203 idolo.

194 2223 279 2287 lbid.
288 2221 312 2286 Ι.
321 2238 368 2289 13.
384 2222 546 2307 ἀδιαφόρως]
562 2221 688 2287 Glossae
699 2222 799 2291 MSS.
809 2221 893 2287 Bibl.
906 2222 1021 2307 Regiae
1034 2238 1072 2293 et
1081 2224 1184 2290 Colle-

149 2308 198 2394 gii
212 2309 308 2374 Paris.
318 2309 481 2373 Soc.·Jesu
493 2308 532 2372 ad
546 2307 632 2372 hunc
644 2307 828 2371 canonem:
844 2304 1082 2393 Indifferenter,
1093 2310 1183 2375 indis·

149 2405 264 2458 tenter.
282 2395 484 2461 ilnuuuru.
507 2392 704 2479 Hesychius,
719 2392 904 2477 Ἀδιαφορόας.
920 2392 1072 2475 όιμελεόας.
1092 2397 1183 2462 Ἀδιά-

148 2498 237 2566 φορον.
248 2478 413 2565 ἀδιάκριτον.
437 2479 559 2543 Cotifer
573 2495 585 2542 1
601 2480 669 2542 Cor.
680 2479 713 2542 ii.
723 2492 774 2555 29.
794 2479 974 2565 Ἀδιαφόροις,
985 2502 1118 2548 coenate
1130 2497 1184 2559 est,
1208 2533 1211 2537 »

148 2565 238 2633 nullo
253 2567 338 2628 facto
352 2565 534 2629 discrimine
554 2565 636 2629 inter
655 2564 886 2638 abominandas
900 2587 988 2629 escas
1006 2578 1108 2654 atque
1121 2591 1182 2632 coe-

148 2673 221 2715 nam
238 2651 377 2726 solitam,
391 2651 479 2735 quod
494 2651 634 2714 ostendit
650 2650 764 2713 Canon
779 2652 922 2735 proxime
939 2675 1096 2737 sequens.
1123 2657 1183 2719 Zo-

148 2760 239 2801 naras
252 2736 501 2820 exposuit‚-xai
516 2746 569 2799 τῶν
584 2735 770 2799 εἰδωλοθύτων
780 2739 900 2821 μετέχον
912 2738 1082 2826 ἀδιαφόρως,
1093 2741 1183 2813 τντέςι

147 2827 185 2906 μὴ
201 2821 381 2908 διαφερόμενοι
395 2820 440 2897 κα)
456 2823 608 2903 δακνόμενοι
624 2823 658 2894 ὠς
673 2822 867 2904 μεμιασμένον
882 2822 1039 2908 γινόμενοι,
1054 2831 1121 2891 ἀλλ’
1137 2831 1183 2909 ἐμ-
1204 2889 1207 2893 ,

147 2909 289 2994 φορόμενοι
304 2906 405 2984 τέτοιν,
420 2909 454 2981 ὠς
469 2913 490 2970 εἰ
504 2906 573 2983 ἦσαν
588 2907 724 2988 ἀμίαντα.

192 2994 275 3058 lbid.
291 2994 314 3057 l.
333 3008 377 3057 14.
401 2994 518 3056 ἐνιαυτὸν
532 2995 690 3080 tapetum]
712 2993 818 3078 Pergit
834 2993 904 3058 haec
919 2994 1065 3060 scribere
1080 2999 1183 3061 Zona-

147 3103 215 3146 ras:
231 3079 327 3153 Τότιις
341 3081 458 3143 ἐνιαυτὸν
472 3081 522 3160 μὲν
537 3083 683 3163 ἀνροοῖὣαρ
695 3078 808 3156 κελεύει,
820 3083 845 3141 ἐν
857 3087 896 3164 τῷ
910 3080 1029 3162 νάρθηκι
1044 3083 1183 3164 Ιςαμέννς,

147 3166 194 3245 καὶ
213 3164 350 3238 ἀκέοντας
372 3171 425 3226 τῶν
446 3174 570 3248 γραφῶν,
585 3164 651 3250 τρόα
670 3167 697 3227 δὲ
720 3165 763 3241 ἔτη
785 3163 931 3235 munirier
948 3166 1009 3242 ἤτοι
1025 3167 1127 3231 ὄπιθεν
1139 3177 1183 3231 τοῦ

146 3251 271 3336 ἅμὸοινος
286 3253 401 3328 όςαθοιι,
417 3252 438 3335 ’i
452 3255 592 3329 μετὰτῶν
608 3250 821 3335 κατηχοομένων
840 3251 947 3328 ἐξιέναι,
964 3256 1051 3337 εὐχῆς
1065 3256 1092 3317 δὲ
1106 3255 1183 3336 μόνος

147 3344 305 3416 νροινοινῆσοιι
321 3337 365 3414 ἔτη
380 3337 436 3413 δύο,
452 3335 513 3420 ὅπερ
529 3337 568 3406 tet
583 3338 614 3398 τό
628 3335 713 3422 μέχρι
729 3335 824 3419 τέλονρ
842 3336 1001 3414 συιόςαθοιρ
1022 3341 1071 3402 καὶ
1093 3340 1183 3403 συνεό-

143 3430 242 3509 χεθοι
255 3428 311 3498 τοῖς
324 3426 431 3499 οτιςοῖς,
446 3420 491 3499 κα)
505 3426 578 3501 μετὰ
591 3429 682 3484 ταῦτα
700 3426 789 3485 ἐλθεῖν
805 3423 847 3485 ἐπὶ
860 3420 892 3484 τό
907 3423 1024 3501 τέλειον,
1042 3424 1105 3510 ὅπερ
1120 3425 1181 3501 ἐςέν,

146 3517 228 3586 ἡτῶν
242 3508 430 3592 ἁγιασμότοιν
442 3507 612 3588 μετάληψις.
650 3507 813 3571 Caeterum
830 3521 943 3572 notatu
963 3508 1030 3572 hoe
1048 3510 1182 3596 dignum

146 3608 206 3673 est,
222 3594 431 3680 conjunctum
454 3614 523 3655 esse
546 3591 631 3655 huuc
652 3614 806 3659 canonem
823 3615 898 3657 cum
917 3594 1023 3658 altero
1041 3598 1182 3681 proxime

146 3696 301 3766 sequente
320 3679 405 3763 apud
427 3678 622 3763 Dionysium
639 3678 813 3764 Exiguum,
831 3679 1051 3758 Criseonium,
1067 3683 1182 3746 Prisco

149 3766 301 3834 Versionis
316 3766 506 3841 Auctorem,
522 3763 753 3849 Epitomenque
768 3765 896 3829 illorum
914 3766 1089 3846 Cononem,
1103 3788 1182 3853 quot

145 3851 331 3917 Hadrianus
347 3852 373 3913 Ι.
390 3848 509 3913 Carolo
524 3851 651 3934 Magno
666 3851 778 3913 Romae
794 3851 930 3928 obtulit;
950 3851 1038 3916 unde
1051 3854 1182 3937 fuctum,

145 3953 183 4002 ut
199 3947 439 4003 numerarentur
460 3936 501 3999 ab
523 3935 749 4018 interpretibus
772 3935 916 4020 pluribus
939 3937 1065 4002 Latinis
1087 3961 1181 4002 cano-

146 4046 200 4088 nes
220 4038 345 4087 tantum
362 4042 469 4084 xxiv.
485 4020 648 4107 Ancyrani
669 4020 766 4108 hujus
787 4021 927 4087 Concilii
948 4044 1007 4108 pro
1030 4045 1122 4090 xxv.
1143 4023 1184 4088 nrl

144 4121 336 4194 computum
352 4109 554 4172 Graecorum.

560 4190 567 4215 ό

189 4194 386 4266 lbid.l.15.
416 4194 458 4259 tn
479 4193 511 4257 τὸ
536 4192 651 4278 τελαοι]
677 4190 735 4258 Ait
760 4190 824 4256 hoe
847 4162 1036 4260 memorato
1051 4178 1181 4266 Conone
