<?xml version="1.0" encoding="UTF-8"?>
<!DOCTYPE html PUBLIC "-//W3C//DTD XHTML 1.0 Transitional//EN"
    "http://www.w3.org/TR/xhtml1/DTD/xhtml1-transitional.dtd">
<html xmlns="http://www.w3.org/1999/xhtml" xml:lang="en" lang="en">
 <head>
  <title>
</title>
<meta http-equiv="Content-Type" content="text/html;charset=utf-8" />
  <meta name='ocr-system' content='tesseract 3.04.00' />
  <meta name='ocr-capabilities' content='ocr_page ocr_carea ocr_par ocr_line ocrx_word'/>
</head>
<body>
  <div class='ocr_page' id='page_1' title='image "./reliquiaesacrae11routgoog_0254.png"; bbox 0 0 2678 4756; ppageno 0'>
   <div class='ocr_carea' id='block_1_1' title="bbox 214 607 842 755">
    <p class='ocr_par' dir='ltr' id='par_1_1' title="bbox 214 607 842 755">
     <span class='ocr_line' id='line_1_1' title="bbox 214 607 842 755; baseline -0.014 -42"><span class='ocrx_word' id='word_1_1' title='bbox 214 751 216 755; x_wconf 9' lang='grc' dir='ltr'>Ι</span> <span class='ocrx_word' id='word_1_2' title='bbox 302 607 842 712; x_wconf 78' lang='lat' dir='ltr'><strong>svicroruuus.</strong></span> 
     </span>
    </p>
   </div>
   <div class='ocr_carea' id='block_1_2' title="bbox 434 882 712 929">
    <p class='ocr_par' dir='ltr' id='par_1_2' title="bbox 434 882 712 929">
     <span class='ocr_line' id='line_1_2' title="bbox 434 882 712 929; baseline -0.004 -12"><span class='ocrx_word' id='word_1_3' title='bbox 434 882 712 929; x_wconf 48' lang='grc'><strong>...4-</strong></span> 
     </span>
    </p>
   </div>
   <div class='ocr_carea' id='block_1_3' title="bbox 127 1070 1022 1305">
    <p class='ocr_par' dir='ltr' id='par_1_3' title="bbox 127 1070 1022 1305">
     <span class='ocr_line' id='line_1_3' title="bbox 127 1070 1022 1173; baseline -0.009 -16"><span class='ocrx_word' id='word_1_4' title='bbox 127 1082 167 1158; x_wconf 79' lang='lat' dir='ltr'><strong>S.</strong></span> <span class='ocrx_word' id='word_1_5' title='bbox 188 1080 467 1173; x_wconf 77' lang='lat' dir='ltr'><strong>HmnourMUS,</strong></span> <span class='ocrx_word' id='word_1_6' title='bbox 486 1078 570 1155; x_wconf 78' lang='lat' dir='ltr'><strong>Lib.</strong></span> <span class='ocrx_word' id='word_1_7' title='bbox 588 1078 651 1152; x_wconf 85' lang='lat' dir='ltr'><strong>De</strong></span> <span class='ocrx_word' id='word_1_8' title='bbox 673 1070 781 1152; x_wconf 70' lang='lat' dir='ltr'><strong>Veris</strong></span> <span class='ocrx_word' id='word_1_9' title='bbox 798 1070 1022 1166; x_wconf 72' lang='lat' dir='ltr'><strong>Illustribru,</strong></span> 
     </span>
     <span class='ocr_line' id='line_1_4' title="bbox 395 1197 756 1305; baseline -0.011 -27"><span class='ocrx_word' id='word_1_10' title='bbox 395 1230 475 1305; x_wconf 89' lang='lat' dir='ltr'><strong>cap.</strong></span> <span class='ocrx_word' id='word_1_11' title='bbox 487 1202 600 1278; x_wconf 83' lang='lat' dir='ltr'><strong>lxxiv.</strong></span> <span class='ocrx_word' id='word_1_12' title='bbox 618 1228 654 1302; x_wconf 93' lang='lat' dir='ltr'><strong>p.</strong></span> <span class='ocrx_word' id='word_1_13' title='bbox 674 1197 756 1276; x_wconf 87' lang='lat'><strong>163.</strong></span> 
     </span>
    </p>
   </div>
   <div class='ocr_carea' id='block_1_4' title="bbox 55 1362 1113 1502">
    <p class='ocr_par' dir='ltr' id='par_1_4' title="bbox 55 1362 1113 1502">
     <span class='ocr_line' id='line_1_5' title="bbox 55 1362 1113 1502; baseline 0 -36"><span class='ocrx_word' id='word_1_14' title='bbox 55 1362 429 1471; x_wconf 81' lang='lat' dir='ltr'><strong>·V10TOR1NUS</strong></span> <span class='ocrx_word' id='word_1_15' title='bbox 464 1393 737 1471; x_wconf 86' lang='lat' dir='ltr'><strong>Petavionensis</strong></span> <span class='ocrx_word' id='word_1_16' title='bbox 770 1389 990 1493; x_wconf 86' lang='lat' dir='ltr'><strong>Episcopus,</strong></span> <span class='ocrx_word' id='word_1_17' title='bbox 1024 1400 1113 1502; x_wconf 24' lang='lat' dir='ltr'><strong>non}</strong></span> 
     </span>
    </p>
   </div>
   <div class='ocr_carea' id='block_1_5' title="bbox 57 1512 1107 2478">
    <p class='ocr_par' dir='ltr' id='par_1_5' title="bbox 57 1512 1107 2478">
     <span class='ocr_line' id='line_1_6' title="bbox 57 1512 1103 1618; baseline -0.008 -22"><span class='ocrx_word' id='word_1_18' title='bbox 57 1546 162 1618; x_wconf 85' lang='lat' dir='ltr'><strong>aeque</strong></span> <span class='ocrx_word' id='word_1_19' title='bbox 179 1520 313 1594; x_wconf 88' lang='lat' dir='ltr'><strong>Latine</strong></span> <span class='ocrx_word' id='word_1_20' title='bbox 331 1530 373 1590; x_wconf 93' lang='lat' dir='ltr'><strong>ut</strong></span> <span class='ocrx_word' id='word_1_21' title='bbox 391 1519 521 1592; x_wconf 86' lang='lat' dir='ltr'><strong>Graece</strong></span> <span class='ocrx_word' id='word_1_22' title='bbox 539 1527 700 1590; x_wconf 85' lang='lat' dir='ltr'><strong>noverat.</strong></span> <span class='ocrx_word' id='word_1_23' title='bbox 753 1512 866 1589; x_wconf 88' lang='lat' dir='ltr'>Unde</span> <span class='ocrx_word' id='word_1_24' title='bbox 892 1540 1001 1614; x_wconf 89' lang='lat' dir='ltr'><strong>opera</strong></span> <span class='ocrx_word' id='word_1_25' title='bbox 1025 1513 1103 1612; x_wconf 88' lang='lat' dir='ltr'><strong>ejus</strong></span> 
     </span>
     <span class='ocr_line' id='line_1_7' title="bbox 57 1638 1105 1742; baseline -0.006 -25"><span class='ocrx_word' id='word_1_26' title='bbox 57 1641 211 1742; x_wconf 79' lang='lat' dir='ltr'>grandia</span> <span class='ocrx_word' id='word_1_27' title='bbox 224 1641 405 1731; x_wconf 83' lang='lat' dir='ltr'>sensibus,</span> <span class='ocrx_word' id='word_1_28' title='bbox 417 1641 545 1714; x_wconf 87' lang='lat' dir='ltr'><strong>viliora</strong></span> <span class='ocrx_word' id='word_1_29' title='bbox 560 1639 732 1714; x_wconf 85' lang='lat' dir='ltr'><strong>videntur</strong></span> <span class='ocrx_word' id='word_1_30' title='bbox 744 1638 1009 1737; x_wconf 86' lang='lat' dir='ltr'><strong>compositione</strong></span> <span class='ocrx_word' id='word_1_31' title='bbox 1025 1663 1105 1713; x_wconf 87' lang='lat' dir='ltr'><strong>ver·</strong></span> 
     </span>
     <span class='ocr_line' id='line_1_8' title="bbox 57 1761 1105 1853; baseline -0.004 -15"><span class='ocrx_word' id='word_1_32' title='bbox 57 1765 205 1839; x_wconf 87' lang='lat' dir='ltr'><strong>borum.</strong></span> <span class='ocrx_word' id='word_1_33' title='bbox 236 1849 238 1853; x_wconf 23' lang='lat'>¹</span> <span class='ocrx_word' id='word_1_34' title='bbox 255 1764 353 1838; x_wconf 85' lang='lat' dir='ltr'><strong>Sunt</strong></span> <span class='ocrx_word' id='word_1_35' title='bbox 369 1776 491 1838; x_wconf 85' lang='lat' dir='ltr'><strong>autem</strong></span> <span class='ocrx_word' id='word_1_36' title='bbox 510 1763 612 1838; x_wconf 87' lang='lat' dir='ltr'><strong>haec:</strong></span> <span class='ocrx_word' id='word_1_37' title='bbox 640 1761 906 1836; x_wconf 84' lang='lat' dir='ltr'><strong>Commentarii</strong></span> <span class='ocrx_word' id='word_1_38' title='bbox 924 1762 964 1834; x_wconf 93' lang='lat' dir='ltr'><strong>in</strong></span> <span class='ocrx_word' id='word_1_39' title='bbox 981 1762 1105 1834; x_wconf 86' lang='lat' dir='ltr'><strong>Gene-</strong></span> 
     </span>
     <span class='ocr_line' id='line_1_9' title="bbox 59 1882 1106 1977; baseline -0.005 -16"><span class='ocrx_word' id='word_1_40' title='bbox 59 1887 144 1975; x_wconf 88' lang='lat' dir='ltr'><strong>sim,</strong></span> <span class='ocrx_word' id='word_1_41' title='bbox 161 1887 202 1960; x_wconf 92' lang='lat' dir='ltr'><strong>in</strong></span> <span class='ocrx_word' id='word_1_42' title='bbox 219 1886 408 1977; x_wconf 58' lang='lat' dir='ltr'><strong>Exodum5</strong></span> <span class='ocrx_word' id='word_1_43' title='bbox 426 1887 466 1960; x_wconf 93' lang='lat' dir='ltr'><strong>in</strong></span> <span class='ocrx_word' id='word_1_44' title='bbox 483 1886 704 1975; x_wconf 86' lang='lat' dir='ltr'><strong>Leviticum,</strong></span> <span class='ocrx_word' id='word_1_45' title='bbox 720 1884 762 1957; x_wconf 92' lang='lat' dir='ltr'><strong>in</strong></span> <span class='ocrx_word' id='word_1_46' title='bbox 785 1882 947 1976; x_wconf 85' lang='lat' dir='ltr'>Esaiam,</span> <span class='ocrx_word' id='word_1_47' title='bbox 964 1884 1003 1956; x_wconf 91' lang='lat' dir='ltr'><strong>in</strong></span> <span class='ocrx_word' id='word_1_48' title='bbox 1027 1883 1106 1956; x_wconf 80' lang='lat' dir='ltr'><strong>He&#39;-</strong></span> 
     </span>
     <span class='ocr_line' id='line_1_10' title="bbox 59 2006 1106 2102; baseline -0.003 -17"><span class='ocrx_word' id='word_1_49' title='bbox 59 2010 212 2101; x_wconf 68' lang='lat' dir='ltr'><strong>zechiel</strong></span> <span class='ocrx_word' id='word_1_50' title='bbox 237 2007 304 2083; x_wconf 80' lang='lat' dir='ltr'><strong>bin</strong></span> <span class='ocrx_word' id='word_1_51' title='bbox 331 2006 494 2102; x_wconf 87' lang='lat' dir='ltr'><strong>Abacuc,</strong></span> <span class='ocrx_word' id='word_1_52' title='bbox 521 2011 560 2084; x_wconf 93' lang='lat' dir='ltr'><strong>in</strong></span> <span class='ocrx_word' id='word_1_53' title='bbox 589 2008 850 2099; x_wconf 87' lang='lat' dir='ltr'><strong>Ecclesiasten,</strong></span> <span class='ocrx_word' id='word_1_54' title='bbox 881 2008 920 2082; x_wconf 93' lang='lat' dir='ltr'><strong>in</strong></span> <span class='ocrx_word' id='word_1_55' title='bbox 951 2007 1106 2082; x_wconf 79' lang='lat' dir='ltr'>Cantica</span> 
     </span>
     <span class='ocr_line' id='line_1_11' title="bbox 60 2131 1105 2234; baseline -0.001 -28"><span class='ocrx_word' id='word_1_56' title='bbox 60 2131 315 2226; x_wconf 85' lang='lat' dir='ltr'><strong>Canticorum,</strong></span> <span class='ocrx_word' id='word_1_57' title='bbox 339 2133 378 2208; x_wconf 92' lang='lat' dir='ltr'><strong>in</strong></span> <span class='ocrx_word' id='word_1_58' title='bbox 404 2133 667 2234; x_wconf 89' lang='lat' dir='ltr'><strong>Apocalypsim</strong></span> <span class='ocrx_word' id='word_1_59' title='bbox 694 2131 863 2224; x_wconf 86' lang='lat' dir='ltr'><strong>Joannis,</strong></span> <span class='ocrx_word' id='word_1_60' title='bbox 889 2131 1105 2206; x_wconf 85' lang='lat' dir='ltr'><strong>cadversum</strong></span> 
     </span>
     <span class='ocr_line' id='line_1_12' title="bbox 59 2255 1107 2348; baseline -0.002 -18"><span class='ocrx_word' id='word_1_61' title='bbox 59 2282 191 2330; x_wconf 91' lang='lat' dir='ltr'><strong>omnes</strong></span> <span class='ocrx_word' id='word_1_62' title='bbox 208 2257 377 2348; x_wconf 86' lang='lat' dir='ltr'><strong>haereses,</strong></span> <span class='ocrx_word' id='word_1_63' title='bbox 390 2269 428 2332; x_wconf 90' lang='lat' dir='ltr'><strong>et</strong></span> <span class='ocrx_word' id='word_1_64' title='bbox 442 2259 559 2332; x_wconf 90' lang='lat' dir='ltr'><strong>multa</strong></span> <span class='ocrx_word' id='word_1_65' title='bbox 577 2257 660 2331; x_wconf 84' lang='lat' dir='ltr'><strong>alia.</strong></span> <span class='ocrx_word' id='word_1_66' title='bbox 687 2255 748 2330; x_wconf 90' lang='lat' dir='ltr'><strong>Ad</strong></span> <span class='ocrx_word' id='word_1_67' title='bbox 765 2268 971 2331; x_wconf 85' lang='lat' dir='ltr'><strong>extremum</strong></span> <span class='ocrx_word' id='word_1_68' title='bbox 988 2255 1107 2330; x_wconf 82' lang='lat' dir='ltr'><strong>dmur-</strong></span> 
     </span>
     <span class='ocr_line' id='line_1_13' title="bbox 60 2380 455 2478; baseline 0.008 -25"><span class='ocrx_word' id='word_1_69' title='bbox 60 2380 160 2478; x_wconf 81' lang='lat' dir='ltr'><strong>tyrio</strong></span> <span class='ocrx_word' id='word_1_70' title='bbox 176 2394 370 2455; x_wconf 89' lang='lat' dir='ltr'><strong>coronatus</strong></span> <span class='ocrx_word' id='word_1_71' title='bbox 387 2394 455 2456; x_wconf 86' lang='lat' dir='ltr'><strong>est.</strong></span> 
     </span>
    </p>
   </div>
   <div class='ocr_carea' id='block_1_6' title="bbox 61 2592 1108 3615">
    <p class='ocr_par' dir='ltr' id='par_1_6' title="bbox 61 2592 1108 3615">
     <span class='ocr_line' id='line_1_14' title="bbox 101 2592 1107 2677; baseline 0.002 -27"><span class='ocrx_word' id='word_1_72' title='bbox 101 2603 115 2632; x_wconf 83' lang='lat'>⁸</span> <span class='ocrx_word' id='word_1_73' title='bbox 135 2592 319 2654; x_wconf 81' lang='lat' dir='ltr'><strong>Victorinum</strong></span> <span class='ocrx_word' id='word_1_74' title='bbox 331 2595 420 2665; x_wconf 88' lang='lat' dir='ltr'><strong>hunc,</strong></span> <span class='ocrx_word' id='word_1_75' title='bbox 435 2615 520 2673; x_wconf 90' lang='lat' dir='ltr'><strong>quem</strong></span> <span class='ocrx_word' id='word_1_76' title='bbox 534 2597 564 2654; x_wconf 95' lang='lat' dir='ltr'><strong>in</strong></span> <span class='ocrx_word' id='word_1_77' title='bbox 578 2596 757 2656; x_wconf 85' lang='lat' dir='ltr'><strong>Diocletiani</strong></span> <span class='ocrx_word' id='word_1_78' title='bbox 771 2596 971 2677; x_wconf 88' lang='lat' dir='ltr'><strong>persecutione</strong></span> <span class='ocrx_word' id='word_1_79' title='bbox 986 2592 1107 2653; x_wconf 87' lang='lat' dir='ltr'><strong>subiisse</strong></span> 
     </span>
     <span class='ocr_line' id='line_1_15' title="bbox 61 2698 1107 2778; baseline -0.001 -23"><span class='ocrx_word' id='word_1_80' title='bbox 61 2700 232 2775; x_wconf 84' lang='lat' dir='ltr'><strong>martyrium</strong></span> <span class='ocrx_word' id='word_1_81' title='bbox 245 2700 369 2758; x_wconf 87' lang='lat' dir='ltr'><strong>traditur</strong></span> <span class='ocrx_word' id='word_1_82' title='bbox 389 2700 420 2757; x_wconf 91' lang='lat' dir='ltr'><strong>in</strong></span> <span class='ocrx_word' id='word_1_83' title='bbox 439 2700 654 2778; x_wconf 82' lang='lat' dir='ltr'><strong>Martyrologio</strong></span> <span class='ocrx_word' id='word_1_84' title='bbox 668 2701 756 2761; x_wconf 86' lang='lat' dir='ltr'><strong>Rom.</strong></span> <span class='ocrx_word' id='word_1_85' title='bbox 771 2703 800 2760; x_wconf 80' lang='lat'><strong>2.</strong></span> <span class='ocrx_word' id='word_1_86' title='bbox 814 2701 892 2759; x_wconf 88' lang='lat' dir='ltr'><strong>Nov.</strong></span> <span class='ocrx_word' id='word_1_87' title='bbox 907 2719 967 2757; x_wconf 90' lang='lat' dir='ltr'><strong>non</strong></span> <span class='ocrx_word' id='word_1_88' title='bbox 981 2698 1107 2757; x_wconf 84' lang='lat' dir='ltr'><strong>Pictavi·</strong></span> 
     </span>
     <span class='ocr_line' id='line_1_16' title="bbox 62 2803 1106 2880; baseline 0.001 -20"><span class='ocrx_word' id='word_1_89' title='bbox 62 2814 161 2860; x_wconf 82' lang='lat' dir='ltr'><strong>ensem</strong></span> <span class='ocrx_word' id='word_1_90' title='bbox 182 2803 212 2860; x_wconf 91' lang='lat' dir='ltr'><strong>in</strong></span> <span class='ocrx_word' id='word_1_91' title='bbox 231 2805 390 2880; x_wconf 86' lang='lat' dir='ltr'><strong>Aquitania</strong></span> <span class='ocrx_word' id='word_1_92' title='bbox 410 2807 545 2875; x_wconf 86' lang='lat' dir='ltr'><strong>secunda,</strong></span> <span class='ocrx_word' id='word_1_93' title='bbox 567 2807 617 2864; x_wconf 90' lang='lat' dir='ltr'><strong>sed</strong></span> <span class='ocrx_word' id='word_1_94' title='bbox 637 2807 877 2865; x_wconf 86' lang='lat' dir='ltr'><strong>Petavionensem</strong></span> <span class='ocrx_word' id='word_1_95' title='bbox 899 2824 949 2862; x_wconf 86' lang='lat' dir='ltr'><strong>seu</strong></span> <span class='ocrx_word' id='word_1_96' title='bbox 969 2804 1106 2862; x_wconf 78' lang='lat' dir='ltr'><strong>Petobio-</strong></span> 
     </span>
     <span class='ocr_line' id='line_1_17' title="bbox 63 2907 1107 2989; baseline 0 -24"><span class='ocrx_word' id='word_1_97' title='bbox 63 2925 182 2966; x_wconf 80' lang='lat' dir='ltr'><strong>nensem</strong></span> <span class='ocrx_word' id='word_1_98' title='bbox 201 2907 231 2965; x_wconf 89' lang='lat' dir='ltr'><strong>in</strong></span> <span class='ocrx_word' id='word_1_99' title='bbox 250 2909 397 2987; x_wconf 84' lang='lat' dir='ltr'><strong>superiore</strong></span> <span class='ocrx_word' id='word_1_100' title='bbox 417 2908 571 2967; x_wconf 88' lang='lat' dir='ltr'><strong>Pannonia</strong></span> <span class='ocrx_word' id='word_1_101' title='bbox 583 2910 673 2968; x_wconf 86' lang='lat' dir='ltr'><strong>fuisse</strong></span> <span class='ocrx_word' id='word_1_102' title='bbox 686 2911 866 2989; x_wconf 87' lang='lat' dir='ltr'><strong>episcopum,</strong></span> <span class='ocrx_word' id='word_1_103' title='bbox 881 2920 967 2986; x_wconf 91' lang='lat' dir='ltr'><strong>atque</strong></span> <span class='ocrx_word' id='word_1_104' title='bbox 981 2910 1023 2965; x_wconf 88' lang='lat' dir='ltr'><strong>ita</strong></span> <span class='ocrx_word' id='word_1_105' title='bbox 1036 2927 1107 2966; x_wconf 91' lang='lat' dir='ltr'><strong>con·</strong></span> 
     </span>
     <span class='ocr_line' id='line_1_18' title="bbox 64 3011 1107 3092; baseline 0 -23"><span class='ocrx_word' id='word_1_106' title='bbox 64 3020 175 3070; x_wconf 85' lang='lat' dir='ltr'><strong>stanter</strong></span> <span class='ocrx_word' id='word_1_107' title='bbox 198 3011 257 3089; x_wconf 83' lang='lat' dir='ltr'><strong>legi</strong></span> <span class='ocrx_word' id='word_1_108' title='bbox 279 3013 311 3070; x_wconf 90' lang='lat' dir='ltr'><strong>in</strong></span> <span class='ocrx_word' id='word_1_109' title='bbox 333 3013 489 3072; x_wconf 87' lang='lat' dir='ltr'><strong>Codicibus</strong></span> <span class='ocrx_word' id='word_1_110' title='bbox 510 3014 597 3074; x_wconf 90' lang='lat' dir='ltr'>MSS.</span> <span class='ocrx_word' id='word_1_111' title='bbox 620 3027 650 3074; x_wconf 90' lang='lat' dir='ltr'><strong>et</strong></span> <span class='ocrx_word' id='word_1_112' title='bbox 670 3015 758 3091; x_wconf 83' lang='lat' dir='ltr'><strong>longe</strong></span> <span class='ocrx_word' id='word_1_113' title='bbox 778 3015 908 3092; x_wconf 85' lang='lat' dir='ltr'><strong>plurimis</strong></span> <span class='ocrx_word' id='word_1_114' title='bbox 932 3011 1107 3070; x_wconf 85' lang='lat' dir='ltr'><strong>editionibus</strong></span> 
     </span>
     <span class='ocr_line' id='line_1_19' title="bbox 64 3114 1107 3198; baseline -0.001 -24"><span class='ocrx_word' id='word_1_115' title='bbox 64 3114 238 3193; x_wconf 86' lang='lat' dir='ltr'><strong>Hieronymi</strong></span> <span class='ocrx_word' id='word_1_116' title='bbox 256 3123 319 3174; x_wconf 82' lang='lat' dir='ltr'><strong>tum</strong></span> <span class='ocrx_word' id='word_1_117' title='bbox 337 3118 394 3175; x_wconf 91' lang='lat' dir='ltr'><strong>hoc</strong></span> <span class='ocrx_word' id='word_1_118' title='bbox 412 3117 479 3175; x_wconf 88' lang='lat' dir='ltr'><strong>loco</strong></span> <span class='ocrx_word' id='word_1_119' title='bbox 498 3129 560 3176; x_wconf 92' lang='lat' dir='ltr'><strong>tum</strong></span> <span class='ocrx_word' id='word_1_120' title='bbox 575 3138 661 3198; x_wconf 85' lang='lat' dir='ltr'><strong>supra</strong></span> <span class='ocrx_word' id='word_1_121' title='bbox 674 3138 736 3196; x_wconf 88' lang='lat' dir='ltr'><strong>cap.</strong></span> <span class='ocrx_word' id='word_1_122' title='bbox 752 3120 797 3177; x_wconf 85' lang='lat'><strong>18.</strong></span> <span class='ocrx_word' id='word_1_123' title='bbox 812 3128 874 3176; x_wconf 94' lang='lat' dir='ltr'><strong>tum</strong></span> <span class='ocrx_word' id='word_1_124' title='bbox 888 3115 1022 3196; x_wconf 85' lang='lat' dir='ltr'><strong>Epistola</strong></span> <span class='ocrx_word' id='word_1_125' title='bbox 1037 3135 1107 3174; x_wconf 91' lang='lat' dir='ltr'><strong>con-</strong></span> 
     </span>
     <span class='ocr_line' id='line_1_20' title="bbox 64 3219 1108 3296; baseline 0 -18"><span class='ocrx_word' id='word_1_126' title='bbox 64 3227 107 3278; x_wconf 86' lang='lat' dir='ltr'><strong>tra</strong></span> <span class='ocrx_word' id='word_1_127' title='bbox 118 3219 312 3296; x_wconf 79' lang='lat' dir='ltr'><strong>vigilantium</strong></span> <span class='ocrx_word' id='word_1_128' title='bbox 323 3231 352 3279; x_wconf 92' lang='lat' dir='ltr'><strong>et</strong></span> <span class='ocrx_word' id='word_1_129' title='bbox 362 3220 439 3280; x_wconf 88' lang='lat' dir='ltr'><strong>libro</strong></span> <span class='ocrx_word' id='word_1_130' title='bbox 450 3233 553 3281; x_wconf 89' lang='lat' dir='ltr'><strong>contra</strong></span> <span class='ocrx_word' id='word_1_131' title='bbox 566 3222 734 3281; x_wconf 86' lang='lat' dir='ltr'><strong>Helvidium</strong></span> <span class='ocrx_word' id='word_1_132' title='bbox 743 3232 773 3280; x_wconf 93' lang='lat' dir='ltr'><strong>et</strong></span> <span class='ocrx_word' id='word_1_133' title='bbox 786 3225 816 3278; x_wconf 92' lang='lat' dir='ltr'><strong>in</strong></span> <span class='ocrx_word' id='word_1_134' title='bbox 830 3222 939 3280; x_wconf 90' lang='lat' dir='ltr'><strong>Ezech.</strong></span> <span class='ocrx_word' id='word_1_135' title='bbox 949 3221 1048 3279; x_wconf 80' lang='lat' dir='ltr'><strong>xxxvi.</strong></span> <span class='ocrx_word' id='word_1_136' title='bbox 1058 3220 1108 3278; x_wconf 89' lang='lat' dir='ltr'><strong>de·</strong></span> 
     </span>
     <span class='ocr_line' id='line_1_21' title="bbox 64 3323 1108 3405; baseline 0.003 -23"><span class='ocrx_word' id='word_1_137' title='bbox 64 3324 237 3382; x_wconf 89' lang='lat' dir='ltr'><strong>monstravit</strong></span> <span class='ocrx_word' id='word_1_138' title='bbox 255 3324 304 3384; x_wconf 85' lang='lat' dir='ltr'><strong>Jo.</strong></span> <span class='ocrx_word' id='word_1_139' title='bbox 317 3323 469 3405; x_wconf 87' lang='lat' dir='ltr'><strong>Launojus</strong></span> <span class='ocrx_word' id='word_1_140' title='bbox 490 3328 522 3385; x_wconf 89' lang='lat' dir='ltr'><strong>in</strong></span> <span class='ocrx_word' id='word_1_141' title='bbox 540 3328 620 3386; x_wconf 88' lang='lat' dir='ltr'><strong>Diss.</strong></span> <span class='ocrx_word' id='word_1_142' title='bbox 639 3329 674 3386; x_wconf 90' lang='lat' dir='ltr'><strong>de</strong></span> <span class='ocrx_word' id='word_1_143' title='bbox 692 3327 856 3397; x_wconf 88' lang='lat' dir='ltr'><strong>Victorino,</strong></span> <span class='ocrx_word' id='word_1_144' title='bbox 871 3327 963 3385; x_wconf 88' lang='lat' dir='ltr'><strong>Paris.</strong></span> <span class='ocrx_word' id='word_1_145' title='bbox 977 3327 1064 3385; x_wconf 81' lang='lat'>1653.</span> <span class='ocrx_word' id='word_1_146' title='bbox 1078 3325 1108 3386; x_wconf 75' lang='grc'><strong>8,.</strong></span> 
     </span>
     <span class='ocr_line' id='line_1_22' title="bbox 63 3425 1108 3510; baseline 0.004 -24"><span class='ocrx_word' id='word_1_147' title='bbox 63 3425 249 3487; x_wconf 76' lang='lat' dir='ltr'><strong>Fssnrcrus.</strong></span> <span class='ocrx_word' id='word_1_148' title='bbox 290 3429 373 3487; x_wconf 89' lang='lat' dir='ltr'><strong>Mors</strong></span> <span class='ocrx_word' id='word_1_149' title='bbox 387 3430 533 3490; x_wconf 81' lang='lat' dir='ltr'><strong>Victorini</strong></span> <span class='ocrx_word' id='word_1_150' title='bbox 549 3433 581 3490; x_wconf 90' lang='lat' dir='ltr'><strong>in</strong></span> <span class='ocrx_word' id='word_1_151' title='bbox 601 3431 800 3509; x_wconf 84' lang='lat' dir='ltr'><strong>chronologia</strong></span> <span class='ocrx_word' id='word_1_152' title='bbox 815 3432 931 3510; x_wconf 89' lang='lat' dir='ltr'><strong>quidem</strong></span> <span class='ocrx_word' id='word_1_153' title='bbox 948 3430 1108 3490; x_wconf 85' lang='lat' dir='ltr'><strong>Tillemon·</strong></span> 
     </span>
     <span class='ocr_line' id='line_1_23' title="bbox 61 3533 1108 3615; baseline 0.002 -24"><span class='ocrx_word' id='word_1_154' title='bbox 61 3534 146 3591; x_wconf 78' lang='lat' dir='ltr'><strong>tiana</strong></span> <span class='ocrx_word' id='word_1_155' title='bbox 165 3533 201 3590; x_wconf 88' lang='lat' dir='ltr'><strong>ad</strong></span> <span class='ocrx_word' id='word_1_156' title='bbox 221 3551 268 3592; x_wconf 83' lang='lat' dir='ltr'><strong>an.</strong></span> <span class='ocrx_word' id='word_1_157' title='bbox 284 3533 394 3591; x_wconf 84' lang='lat' dir='ltr'><strong>Christi</strong></span> <span class='ocrx_word' id='word_1_158' title='bbox 412 3535 484 3593; x_wconf 78' lang='lat'><strong>304.</strong></span> <span class='ocrx_word' id='word_1_159' title='bbox 501 3536 615 3612; x_wconf 81' lang='lat' dir='ltr'><strong>signata</strong></span> <span class='ocrx_word' id='word_1_160' title='bbox 633 3547 676 3595; x_wconf 84' lang='lat' dir='ltr'><strong>est</strong></span> <span class='ocrx_word' id='word_1_161' title='bbox 685 3562 695 3610; x_wconf 82' lang='lat'>3</span> <span class='ocrx_word' id='word_1_162' title='bbox 719 3557 776 3615; x_wconf 88' lang='lat' dir='ltr'><strong>qno</strong></span> <span class='ocrx_word' id='word_1_163' title='bbox 790 3547 887 3595; x_wconf 85' lang='lat' dir='ltr'><strong>tamen</strong></span> <span class='ocrx_word' id='word_1_164' title='bbox 901 3538 1108 3615; x_wconf 80' lang='lat' dir='ltr'><strong>persecutionis</strong></span> 
     </span>
    </p>
   </div>
   <div class='ocr_carea' id='block_1_7' title="bbox 58 3637 1110 3800">
    <p class='ocr_par' dir='ltr' id='par_1_7' title="bbox 58 3637 1110 3800">
     <span class='ocr_line' id='line_1_24' title="bbox 60 3637 1110 3722; baseline 0.003 -26"><span class='ocrx_word' id='word_1_165' title='bbox 60 3656 144 3696; x_wconf 79' lang='lat' dir='ltr'><strong>enno</strong></span> <span class='ocrx_word' id='word_1_166' title='bbox 157 3637 222 3716; x_wconf 88' lang='lat' dir='ltr'><strong>ipsa</strong></span> <span class='ocrx_word' id='word_1_167' title='bbox 235 3639 381 3708; x_wconf 88' lang='lat' dir='ltr'><strong>acciderit,</strong></span> <span class='ocrx_word' id='word_1_168' title='bbox 395 3637 473 3698; x_wconf 86' lang='lat' dir='ltr'><strong>haud</strong></span> <span class='ocrx_word' id='word_1_169' title='bbox 487 3639 578 3717; x_wconf 91' lang='lat' dir='ltr'><strong>liquet</strong></span> <span class='ocrx_word' id='word_1_170' title='bbox 592 3661 628 3700; x_wconf 86' lang='lat' dir='ltr'><strong>ex</strong></span> <span class='ocrx_word' id='word_1_171' title='bbox 641 3643 796 3712; x_wconf 84' lang='lat' dir='ltr'><strong>veteribus,</strong></span> <span class='ocrx_word' id='word_1_172' title='bbox 812 3643 889 3719; x_wconf 90' lang='lat' dir='ltr'><strong>quod</strong></span> <span class='ocrx_word' id='word_1_173' title='bbox 906 3643 1006 3712; x_wconf 87' lang='lat' dir='ltr'><strong>sciam,</strong></span> <span class='ocrx_word' id='word_1_174' title='bbox 1020 3644 1110 3722; x_wconf 59' lang='lat' dir='ltr'><strong>scrips</strong></span> 
     </span>
     <span class='ocr_line' id='line_1_25' title="bbox 58 3741 284 3800; baseline -0.004 0"><span class='ocrx_word' id='word_1_175' title='bbox 58 3741 188 3800; x_wconf 88' lang='lat' dir='ltr'><strong>toribus.</strong></span> <span class='ocrx_word' id='word_1_176' title='bbox 280 3748 284 3753; x_wconf 83' lang='lat'>&#39;</span> 
     </span>
    </p>
   </div>
   <div class='ocr_carea' id='block_1_8' title="bbox 101 3831 1328 3927">
    <p class='ocr_par' dir='ltr' id='par_1_8' title="bbox 101 3831 1328 3927">
     <span class='ocr_line' id='line_1_26' title="bbox 101 3831 1328 3927; baseline 0.003 -25"><span class='ocrx_word' id='word_1_177' title='bbox 101 3843 188 3903; x_wconf 74' lang='lat' dir='ltr'><strong>bEr</strong></span> <span class='ocrx_word' id='word_1_178' title='bbox 205 3845 286 3903; x_wconf 88' lang='lat' dir='ltr'><strong>hisce</strong></span> <span class='ocrx_word' id='word_1_179' title='bbox 300 3845 444 3905; x_wconf 86' lang='lat' dir='ltr'><strong>Victorini</strong></span> <span class='ocrx_word' id='word_1_180' title='bbox 464 3849 678 3907; x_wconf 81' lang='lat' dir='ltr'><strong>commentariis</strong></span> <span class='ocrx_word' id='word_1_181' title='bbox 696 3850 744 3907; x_wconf 82' lang='lat' dir='ltr'><strong>vix</strong></span> <span class='ocrx_word' id='word_1_182' title='bbox 763 3850 917 3927; x_wconf 80' lang='lat' dir='ltr'><strong>quicquum</strong></span> <span class='ocrx_word' id='word_1_183' title='bbox 935 3851 1023 3908; x_wconf 85' lang='lat' dir='ltr'><strong>hodie</strong></span> <span class='ocrx_word' id='word_1_184' title='bbox 1041 3861 1110 3908; x_wconf 82' lang='lat' dir='ltr'><strong>aeta-</strong></span> <span class='ocrx_word' id='word_1_185' title='bbox 1204 3831 1208 3836; x_wconf 31' lang='lat'><strong><em>⁴</em></strong></span> <span class='ocrx_word' id='word_1_186' title='bbox 1321 3842 1328 3862; x_wconf 84' lang='lat'><em>&#39;</em></span> 
     </span>
    </p>
   </div>
   <div class='ocr_carea' id='block_1_9' title="bbox 55 3947 1112 4243">
    <p class='ocr_par' dir='ltr' id='par_1_9' title="bbox 55 3947 1112 4243">
     <span class='ocr_line' id='line_1_27' title="bbox 55 3947 1111 4033; baseline 0.008 -28"><span class='ocrx_word' id='word_1_187' title='bbox 55 3955 123 4008; x_wconf 87' lang='lat' dir='ltr'><strong>tem</strong></span> <span class='ocrx_word' id='word_1_188' title='bbox 143 3947 213 4006; x_wconf 90' lang='lat' dir='ltr'><strong>tulit</strong></span> <span class='ocrx_word' id='word_1_189' title='bbox 233 3960 337 4028; x_wconf 78' lang='lat' dir='ltr'><strong>prater</strong></span> <span class='ocrx_word' id='word_1_190' title='bbox 359 3955 588 4029; x_wconf 55' lang='grc' dir='ltr'><strong>ἀποστημάτων</strong></span> <span class='ocrx_word' id='word_1_191' title='bbox 604 3956 638 4011; x_wconf 84' lang='lat' dir='ltr'><strong>de</strong></span> <span class='ocrx_word' id='word_1_192' title='bbox 653 3953 768 4031; x_wconf 80' lang='lat' dir='ltr'><strong>fabrica</strong></span> <span class='ocrx_word' id='word_1_193' title='bbox 786 3957 882 4013; x_wconf 78' lang='lat' dir='ltr'><strong>mundi</strong></span> <span class='ocrx_word' id='word_1_194' title='bbox 900 3955 978 4031; x_wconf 89' lang='lat' dir='ltr'><strong>quod</strong></span> <span class='ocrx_word' id='word_1_195' title='bbox 996 3975 1031 4013; x_wconf 85' lang='lat' dir='ltr'><strong>ex</strong></span> <span class='ocrx_word' id='word_1_196' title='bbox 1050 3954 1111 4033; x_wconf 87' lang='lat' dir='ltr'><strong>ejus</strong></span> 
     </span>
     <span class='ocr_line' id='line_1_28' title="bbox 57 4054 1111 4138; baseline 0.008 -27"><span class='ocrx_word' id='word_1_197' title='bbox 57 4054 290 4112; x_wconf 82' lang='lat' dir='ltr'><strong>Commentariis</strong></span> <span class='ocrx_word' id='word_1_198' title='bbox 309 4057 340 4113; x_wconf 91' lang='lat' dir='ltr'><strong>in</strong></span> <span class='ocrx_word' id='word_1_199' title='bbox 355 4055 484 4114; x_wconf 86' lang='lat' dir='ltr'><strong>Genesin</strong></span> <span class='ocrx_word' id='word_1_200' title='bbox 503 4058 616 4116; x_wconf 84' lang='lat' dir='ltr'><strong>ridetur</strong></span> <span class='ocrx_word' id='word_1_201' title='bbox 634 4060 789 4138; x_wconf 89' lang='lat' dir='ltr'><strong>repetitum</strong></span> <span class='ocrx_word' id='word_1_202' title='bbox 803 4078 865 4117; x_wconf 87' lang='lat' dir='ltr'><strong>esse</strong></span> <span class='ocrx_word' id='word_1_203' title='bbox 879 4069 909 4117; x_wconf 90' lang='lat' dir='ltr'><strong>et</strong></span> <span class='ocrx_word' id='word_1_204' title='bbox 923 4079 959 4119; x_wconf 85' lang='lat' dir='ltr'><strong>ex</strong></span> <span class='ocrx_word' id='word_1_205' title='bbox 971 4060 1037 4119; x_wconf 87' lang='lat' dir='ltr'><strong>MS.</strong></span> <span class='ocrx_word' id='word_1_206' title='bbox 1052 4060 1111 4119; x_wconf 86' lang='lat' dir='ltr'><strong>Co·</strong></span> 
     </span>
     <span class='ocr_line' id='line_1_29' title="bbox 55 4156 1112 4243; baseline 0.008 -28"><span class='ocrx_word' id='word_1_207' title='bbox 55 4156 130 4216; x_wconf 79' lang='lat' dir='ltr'><strong>dice</strong></span> <span class='ocrx_word' id='word_1_208' title='bbox 142 4157 348 4220; x_wconf 75' lang='lat' dir='ltr'><strong>Lambethano</strong></span> <span class='ocrx_word' id='word_1_209' title='bbox 364 4160 493 4240; x_wconf 82' lang='lat' dir='ltr'><strong>vulgavit</strong></span> <span class='ocrx_word' id='word_1_210' title='bbox 506 4165 758 4243; x_wconf 72' lang='lat' dir='ltr'><strong>praestantissimus</strong></span> <span class='ocrx_word' id='word_1_211' title='bbox 770 4165 813 4223; x_wconf 81' lang='lat' dir='ltr'><strong>vir</strong></span> <span class='ocrx_word' id='word_1_212' title='bbox 827 4162 905 4226; x_wconf 84' lang='lat' dir='ltr'><strong>Guil.</strong></span> <span class='ocrx_word' id='word_1_213' title='bbox 918 4164 1005 4224; x_wconf 82' lang='lat' dir='ltr'><strong>Care.</strong></span> <span class='ocrx_word' id='word_1_214' title='bbox 1026 4164 1112 4223; x_wconf 85' lang='lat' dir='ltr'><strong>Certe</strong></span> 
     </span>
    </p>
   </div>
   <div class='ocr_carea' id='block_1_10' title="bbox 0 0 1357 4756">
    <p class='ocr_par' dir='ltr' id='par_1_10' title="bbox 0 0 1357 4756">
     <span class='ocr_line' id='line_1_30' title="bbox 0 0 1357 4756; baseline 0 0"><span class='ocrx_word' id='word_1_215' title='bbox 0 0 1357 4756; x_wconf 95' lang='lat' dir='ltr'><strong> </strong></span> 
     </span>
    </p>
   </div>
  </div>
 </body>
</html>
