2678 4756
309 284 363 351 ΙΝ
383 281 611 352 CONCILIA
631 280 867 352 CARTHAG.
1050 286 1107 376 1‘33

57 474 185 533 sorem,
200 454 256 542 qui
271 455 418 521 similiter
432 457 464 521 in
479 455 612 521 exilium
625 470 716 521 actus
728 479 792 521 non
804 455 837 521 in
848 456 1033 545 Martyrum
1043 458 1106 522 Cu-

60 539 184 626 calogo,
199 540 255 605 sed
267 542 301 607 in
313 543 513 626 Depositiorre
527 562 584 607 eeu
599 542 766 629 sepultura
780 543 1002 628 Episcoporum
1017 544 1106 607 inve-

61 625 163 704 nitur,
178 624 301 690 beatum
315 637 487 715 martyrem
501 641 758 692 commemorato
768 628 865 693 simul
877 628 1032 693 Cornelio
1046 648 1105 717 ap·

60 710 240 797 pellerent,
254 734 366 777 eorum
384 725 492 777 tamen
514 713 704 777 sententiam
728 714 899 798 magicam
923 713 1105 780 lectendam

60 808 158 882 puto,
171 811 304 884 propter
319 799 512 886 Hieronymi
528 799 762 877 testimonium,
771 799 826 886 qui
832 735 951 948 gladio
966 800 1105 901 impera·
1211 870 1221 887 ‚

62 881 150 947 torio
163 885 309 948 occisum
324 904 394 949 esse
410 884 598 948 Cornelium
615 886 794 948 statuerint.
864 885 976 950 ornelii
990 886 1103 951 itidem
1212 892 1216 897 '

62 970 274 1033 meandum
288 991 427 1034 cruorem
441 985 600 1034 memorat
616 970 783 1035 Maximus
798 969 968 1056 episcopus
983 972 1105 1037 aaeculo

64 1053 181 1139 quinto
194 1055 410 1135 Taurinensis,
422 1055 454 1118 in
470 1052 664 1119 Sermonidac
679 1057 756 1134 auia,
766 1078 848 1156 quos
864 1056 987 1141 primus
1003 1056 1105 1122 edidit

64 1139 279 1205 Muratoriua.
306 1140 385 1205 Vid.
409 1142 510 1205 Serm.
527 1141 566 1204 ir.
590 1161 622 1226 p.
634 1147 685 1204 46.
708 1153 789 1206 tonn
811 1142 917 1228 quarti
938 1143 1104 1208 Anecdott.

63 1223 285 1291 :imbrosianae
299 1225 514 1290 Bibliothecae.
549 1228 591 1290 Et
616 1225 785 1290 decollatus
805 1235 849 1289 est
867 1227 1037 1304 Cornelias,
1060 1228 1106 1293 ait

62 1308 195 1396 quidem
218 1313 408 1376 Anastasius
431 1310 701 1375 Bibliothecarius
719 1312 752 1375 in
771 1312 805 1376 V
802 1310 856 1375 itis
872 1312 993 1400 Pontis.
1015 1314 1112 1404 Rom.

61 1415 95 1480 p.
107 1406 155 1458 ιο.
167 1395 220 1461 ed.
229 1398 463 1483 Mogunt.sed,
476 1397 566 1483 quod
581 1410 688 1461 vetera
699 1398 844 1462 fecerunt
855 1398 1105 1486 Martyrologia,

61 1500 102 1544 ex
117 1482 199 1546 actis
214 1504 287 1632 puae
300 1482 480 1547 adulterina
494 1482 648 1547 videntur.
726 1490 729 1497 '

108 1567 143 1630 P.
153 1581 203 1632 82.
234 1583 303 1647 .19.
318 1569 382 1633 Dei
394 1569 492 1632 timor
506 1568 720 1653 irreligiosus]
742 1570 792 1632 Ex
814 1591 880 1631 uno
900 1579 1026 1633 tantum
1047 1591 1104 1635 co·

62 1648 137 1714 dice
167 1653 286 1740 scripto
313 1654 422 1740 posuit
446 1654 565 1730 Fellus,
588 1653 651 1717 Dei
675 1654 767 1717 timor
792 1654 878 1738 apud
901 1654 1104 1742 irreligiosos,

60 1735 143 1800 dum
156 1738 327 1824 impressos
343 1739 460 1804 habere
472 1739 528 1817 ait,
541 1738 630 1825 quod
645 1739 731 1803 vides
746 1760 816 1803 esse
831 1760 902 1803 rece
925 1751 1008 1804 turn.
1039 1741 1105 1807 Sed

62 1820 96 1885 in
108 1825 206 1887 veteri
221 1846 351 1911 quoque
365 1826 505 1891 Romanu
519 1836 552 1887 at
574 1847 615 1888 ue
629 1825 759 1888 Erasmt'
769 1762 953 1889 editlomilirs
965 1827 1049 1911 apud
1060 1827 1105 1890 ir·

61 1904 225 1995 religiosos
249 1922 356 1974 extare
379 1910 515 1975 invenio.
552 1846 641 1975 litet
666 1911 819 1975 Baluzius
845 1911 944 1975 altera
966 1911 1106 1978 lectione

62 2005 199 2060 retenta.
244 1995 330 2061 Cum
343 2018 419 2060 vero
433 1997 473 2060 ad
488 1997 583 2059 finem
598 1995 745 2080 epistolae
757 1995 887 2073 habeas,
902 1996 1045 2084 religioso
1063 1998 1106 2062 ti-

63 2097 160 2159 more,
175 2080 232 2167 qui
253 2081 346 2147 locus
368 2082 444 2145 huic
464 2081 525 2168 ipsi
544 2080 650 2144 lucem
669 2081 816 2158 affundit,
840 2103 946 2145 nonne
960 2102 1040 2169 ergo
1055 2083 1105 2149 le-

62 2164 211 2252 gendum
227 2179 288 2246 eat,
303 2167 366 2232 Dei
382 2167 475 2231 timor
488 2165 678 2254 religiones?

107 2251 143 2316 P.
154 2265 202 2317 83.
218 2252 364 2337 l.4.·nec
380 2252 481 2338 annis]
501 2253 579 2317 Duo
594 2252 666 2315 libri
684 2263 802 2316 veteres
823 2261 856 2315 et
878 2250 1019 2336 antiquae
1036 2252 1106 2319 edi·
1172 2256 1177 2271 ‘

62 2335 169 2402 tiones
187 2338 361 2424 praeferunt
376 2337 482 2402 armis.
527 2337 590 2401 Sed
612 2338 695 2401 hanc
717 2337 889 2401 lectionem
912 2337 1025 2426 rejecit
1047 2338 1107 2405 Pa-

63 2423 193 2504 melinn,
215 2425 291 2509 quia
316 2425 376 2510 ipsi
406 2424 574 2488 constabat
602 2444 714 2509 regem
744 2423 1105 2491 Nabuchodonosorem

62 2508 161 2574 millia
176 2511 273 2574 armis
288 2531 475 2596 aggressum
491 2529 560 2571 ease
573 2521 638 2573 tres
653 2530 783 2595 pueros,
794 2523 827 2573 et
865 2508 952 2574 osuit
962 2510 1054 2574 annis
1066 2530 1109 2582 ex
1173 2568 1176 2573 .

62 2592 126 2658 fide
143 2594 285 2682 quinque
299 2611 441 2660 veterum
461 2594 703 2679 exemplarium,
725 2617 824 2679 quam
841 2530 1016 2659 iectionem
1040 2617 1105 2682 ego

60 2696 197 2766 qnoque
211 2681 312 2779 reperi
327 2681 359 2744 in
376 2678 488 2766 viginti
503 2702 541 2744 ex
556 2680 683 2744 nostris.
729 2681 823 2743 Unus
836 2680 929 2745 meus
945 2694 1035 2744 vetus
1047 2681 1106 2746 ha·

61 2764 118 2829 bet
140 2764 281 2840 carnium.
325 2767 436 2852 Atque
457 2787 522 2851 ego
537 2786 608 2828 eam
623 2764 797 2829 lectionem
816 2765 909 2830 facile
922 2765 1021 2830 credo
1036 2786 1106 2831 ease

60 2849 241 2929 nieliorem,
262 2874 337 2917 cum
353 2852 418 2915 dici
440 2874 505 2914 non
519 2850 622 2936 possit
640 2850 681 2914 de
696 2850 804 2934 pueris
819 2862 874 2915 aut
890 2849 1105 2916 adolescenti·

60 2935 124 3000 bua
151 2957 207 3000 eos
230 2958 299 3002 ease
320 2938 409 3001 senio
432 2949 465 2999 et
487 2937 578 3000 annis
597 2936 728 3012 fractos,
749 2951 783 3000 et
802 2935 879 3022 quia
892 2958 953 3001 vox
974 2937 1105 3004 cuminis

60 3022 180 3086 melius
195 3023 347 3109 congruit
361 3044 437 3086 cum
454 3020 598 3086 historia.
636 3021 768 3108 Quippe
783 3036 909 3087 certum
925 3036 976 3086 est
989 3023 1106 3088 Nabu-

59 3106 336 3188 chodonosorem,
361 3121 399 3172 ut
425 3128 543 3193 pueros
567 3106 647 3170 istos
672 3121 892 3174 commoveret
917 3121 950 3171 et
972 3120 1105 3173 terreret

57 3192 250 3279 multiplicis
272 3215 376 3280 poence
398 3191 661 3270 comminatione,
677 3193 779 3255 minas
789 3191 941 3278 jactasse,
961 3192 1106 3278 pericula

58 3277 248 3357 intentasse,
271 3279 409 3365 denique
431 3278 534 3364 parari
554 3276 688 3365 jussisse
709 3277 872 3342 fornacem
888 3277 962 3356 sive,
978 3289 1016 3341 ut
1031 3279 1106 3344 Sul-

57 3362 133 3448 pitii
156 3364 263 3429 Severi
279 3365 377 3430 verbo¹
391 3376 475 3439 utar,
496 3363 660 3426 caminum
682 3362 766 3448 ignis
790 3362 928 3427 ardentis
951 3364 985 3426 in
1005 3384 1103 3459 quem

57 3447 309 3534 conjicerentur.
353 3449 556 3512 Confirmant
577 3447 660 3512 hanc
683 3469 789 3512 meam
810 3448 993 3535 opinionem
1009 3450 1105 3515 verba

60 3532 220 3621 Cypriani
235 3555 274 3599 ex
287 3534 425 3620 epistola
438 3535 490 3598 lvi.
504 3554 580 3619 pag.
591 3547 643 3611 91.
657 3534 691 3598 in
707 3556 772 3619 qua
786 3547 850 3599 tres
866 3534 956 3619 pueri
972 3556 1037 3599 non
1052 3536 1103 3601 di·
1199 3612 1202 3624 .

58 3630 179 3683 cuntur
191 3619 280 3683 annia
292 3620 397 3698 fracti,
409 3618 466 3682 sed
479 3633 573 3683 aetate
589 3618 703 3698 territi,
718 3632 751 3682 et
766 3618 861 3683 minis
871 3619 956 3706 regis
968 3633 1000 3684 et
1010 3621 1103 3686 flam-

55 3703 124 3768 ·mie
138 3703 287 3769 fortiores
300 3704 454 3769 extitisse.
478 3705 593 3791 ltaque
607 3704 724 3768 retinui
738 3725 809 3768 eam
822 3704 994 3769 lectionem
1005 3727 1104 3792 quam

83 3801 142 3854 uto
163 3810 233 3854 esse
255 3790 433 3854 meliorem.
479 3788 695 3853 Commodius
715 3801 823 3853 autem
842 3790 1043 3877 erectiusque
1062 3792 1104 3857 de

57 3810 123 3939 dac
143 3894 218 3939 mea
231 3875 457 3940 emendatione
478 3873 913 3963 existimabitjudiciumque
929 3875 1025 3940 faciet
1069 3879 1103 3944 ui

56 3959 162 4023 varias
177 3959 253 4024 istas
266 3960 421 4025 lectiones
434 3962 501 4024 sine
516 3959 584 4024 ullo
594 3958 782 4045 praejudicio
794 3961 1029 4025 examinaverit.
1046 3901 1105 4029 lta

58 4045 147 4109 euim
164 4066 221 4109 me
231 4046 386 4111 sincerius
402 4044 664 4131 exploratiusque
679 4044 727 4109 vel
741 4046 904 4133 corrigere
919 4047 1039 4130 poterit
1053 4048 1104 4114 vel

57 4130 209 4219 probare.
256 4132 355 4198 Recte
368 4145 476 4198 autem
491 4130 571 4196 dixit
588 4129 770 4218 Cyprianus
779 4146 892 4216 pueros
905 4154 960 4196 nec
972 4132 1103 4199 caminis

553 4230 612 4282 143
