2678 4756
152 272 155 277 ’
236 319 300 384 1⁴4
570 293 937 367 annotanonss

229 468 415 557 respondet,
433 467 475 534 sd
487 490 542 533 nos
552 491 614 534 non
623 468 781 556 pertinere
791 468 869 556 quid
878 468 979 535 hostes
989 461 1281 555 melesioesncioirt'.

230 558 306 621 Hoc
332 555 393 642 ipsi
416 554 619 642 propositum
644 570 695 620 est
717 567 755 620 ut
774 554 943 633 conficiat3
967 553 1047 621 nibil
1065 566 1173 619 ratum
1196 575 1280 633 esse,

228 655 286 707 aut
306 663 346 707 ex
363 640 439 728 jure
458 639 562 705 valere
578 640 667 727 quod
683 640 730 706 illi
744 640 906 718 fecissent,
927 641 984 727 qui
999 652 1091 705 extra
1103 639 1279 705 ecclesiam

228 726 341 813 positi.
386 728 482 804 Mox,
491 741 549 811 per
563 726 668 791 omnio
682 725 800 790 divinae
810 725 930 813 gratiae
944 730 1152 791 annornm.
1195 727 1278 791 Non

227 827 356 879 tantum
376 833 432 897 per
449 811 704 877 confirmationis
718 813 828 890 ritum,
846 824 905 877 aut
918 811 1122 877 eucharistias
1135 810 1276 877 admini-

227 897 430 976 strationem,
452 897 628 963 sedetiam
650 897 814 985 baptismi,
834 897 891 985 qui
915 895 958 963 ad
979 896 1151 963 eeclesiam
1170 896 1275 987 ipsam

228 982 353 1049 aditum
368 983 457 1047 facit.
481 984 644 1048 Faunus.

315 1237 506 1305 CONCIL.
523 1237 761 1303 CARTHAG.
779 1238 866 1303 SUB
883 1235 1122 1303 CYPRIANO
1135 1232 1199 1303 VI.
1252 1268 1256 1274 ·

272 1409 307 1473 P.
320 1422 369 1474 88.
384 1409 407 1473 l.
420 1426 451 1486 9.
469 1407 666 1494 Cyprianus]
685 1407 770 1473 Cum
786 1422 919 1495 propter
933 1408 1022 1473 illam
1039 1407 1094 1473 cui
1116 1426 1204 1475 nune
1224 1406 1273 1473 in·

227 1495 350 1559 cumbo
381 1492 641 1557 emendationem
670 1506 704 1557 et
731 1492 977 1560 illustrationem
1007 1515 1144 1579 operum
1172 1492 1275 1559 sancti

230 1579 387 1667 Cypriani
401 1577 572 1665 legendam
591 1579 803 1664 suscepissem
842 1580 975 1645 rolixam
991 1579 1088 1643 nimis
1146 1578 1273 1645 ’sulm

228 1666 362 1730 Joannis
385 1658 523 1728 Launoii
553 1665 594 1728 ad
622 1665 784 1729 Jacobum
814 1601 1022 1752 bevilaquam
1048 1663 1091 1729 de
1138 1662 1275 1728 'scordia
1300 1690 1314 1719 o

229 1752 324 1836 Papae
341 1750 496 1835 Stephani
511 1772 586 1814 cum
603 1750 655 1837 Cy
680 1751 780 1829 riano,
796 1751 931 1817 miratus
945 1771 1018 1815 sum
1034 1761 1102 1814 tam
1116 1749 1225 1814 multa
1235 1750 1274 1812 ab

229 1859 269 1901 eo
291 1837 355 1900 dici
382 1836 526 1920 potuisse
552 1850 590 1900 ut
619 1772 700 1898 nibil
726 1835 896 1901 diceretur.
947 1837 1162 1923 Quaecunque
1187 1833 1273 1899 enirn

228 1923 320 1987 affert
340 1934 531 2006 argumenta
551 1936 586 1986 et
604 1921 790 1986 testimonia
811 1921 964 1987 adversus
980 1921 1186 2007 Stephanum
1201 1919 1273 1984 nul·

227 2009 290 2073 lius
307 2006 463 2071 momenti
478 2007 600 2070 suntin
616 2007 677 2071 hae
692 2029 789 2072 causa
804 2021 838 2078 et
851 2006 1014 2094 quandam
1033 2006 1156 2071 habent
1169 2004 1272 2071 insul·

227 2094 368 2158 sitatem.
417 2091 506 2180 Quid
528 2093 614 2156 enim
633 2092 674 2156 ad
694 2114 824 2157 causam
844 2093 997 2179 baptismi
1017 2092 1097 2158 facit
1119 2091 1149 2155 C
1174 2090 1273 2177 prisni

227 2179 347 2244 famam
364 2200 434 2242 esse
456 2178 665 2242 celebriorem
688 2200 785 2265 quam
802 2179 922 2243 famam
946 2177 1113 2264 Stephani,
1165 2176 1272 2265 ypria·

228 2287 305 2330 num
324 2286 389 2327 non
399 2263 513 2329 cedere
527 2263 703 2348 Stephan0,
720 2263 920 2351 Cyprianum
934 2284 1152 2350 congregasse
1161 2261 1271 2327 eonci-

226 2350 307 2415 lium
337 2350 370 2412 in
400 2371 498 2413 causa
522 2350 687 2434 baptismi,
717 2349 918 2434 Stephanum
948 2372 1016 2414 non
1043 2368 1270 2435 congregasse,

225 2435 377 2499 ecclesias
392 2434 522 2498 orientis
536 2449 569 2498 et
585 2434 760 2500 occidentis
782 2446 846 2498 hon
865 2436 1042 2522 suscepisse
1061 2449 1270 2534 propugnan-

227 2520 304 2585 dam
319 2520 508 2584 sententiam
527 2520 693 2605 Stephani,
709 2534 743 2583 et
758 2519 862 2585 multa
872 2520 934 2584 alia
946 2519 1137 2606 hujusmodi
1149 2516 1270 2606 quand

226 2627 359 2670 causam
376 2626 440 2669 non
455 2605 627 2692 pertinent,
648 2627 786 2691 quorum
808 2607 905 2669 etiam
922 2606 1060 2691 plurima
1077 2607 1159 2669 falsa
1175 2605 1268 2669 sunt?

226 2693 338 2756 Nemo
354 2704 476 2770 autern,
490 2704 528 2754 ut
543 2690 589 2754 ait
602 2690 825 2777 Hieronymus
849 2692 880 2754 in
901 2691 1039 2777 epistola
1058 2690 1101 2755 ad
1123 2692 1268 2755 Pamma'·

228 2776 339 2843 chium
363 2790 475 2840 contra
500 2777 656 2841 loannem
679 2775 1028 2863 Hierosolymitanum,
1055 2776 1138 2840 falso
1162 2786 1267 2840 verum

228 2863 356 2948 probat.
395 2863 509 2948 Itaque
525 2863 585 2927 ista
600 2862 693 2925 facile
705 2876 837 2947 possent
850 2863 991 2927 refutari.
1031 2861 1096 2926 Sed
1110 2861 1195 2926 tanti
1209 2880 1269 2925 non

228 2962 317 3014 sunt.
354 2949 566 3013 Verissimum
589 2946 691 3032 igitur
712 2960 763 3011 est
789 2946 878 3097 (pund
902 2947 948 3012 ait
970 2948 1112 3034 Optatus
1132 2947 1170 3012 in
1190 2946 1270 3011 libro

227 3033 355 3133 quint0,
380 3033 545 3097 veritatem
569 3032 682 3096 studiis
706 3033 792 3120 impe
818 3033 866 3097 iri.
910 3033 996 3098 Vide
1024 3030 1217 3097 Facundum
1239 3031 1270 3095 in

225 3119 311 3187 libro
336 3132 450 3184 contra
469 3118 658 3184 Mucianum
683 3140 761 3204 pag.
778 3131 848 3194 577.
873 3119 986 3205 primae
1006 3117 1170 3183 editionis.
1200 3117 1270 3215 st

231 3226 387 3272 sumus.

271 3293 306 3354 P.
319 3304 368 3355 88.
382 3290 404 3355 l.
419 3305 466 3354 12.
483 3289 644 3354 celebrare
659 3288 847 3374 concilium]
868 3288 1076 3354 Celebratum
1097 3285 1200 3352 htisse
1220 3309 1271 3353 an.

227 3390 297 3441 25⁵.
314 3391 411 3455 recte,
426 3389 462 3439 ut
477 3376 603 3460 opinor,
618 3375 735 3459 probat
750 3376 939 3439 Pearsouius
959 3376 992 3439 in
1016 3372 1187 3438 annalibus
1203 3371 1271 3460 Cy·

227 3462 623 3548 prianicis.Bssua1us.
669 3461 757 3524 Ante
783 3461 902 3558 pascha
925 3460 1001 3524 anni
1023 3460 1188 3544 sequentis
1213 3464 1271 3523 256

226 3547 426 3611 celebratum
455 3545 519 3609 hoc
549 3546 722 3610 concilium
749 3546 860 3626 fuisse,
894 3545 991 3610 docet
1019 3545 1212 3609 Pearsonius
1238 3543 1271 3608 in

227 3653 326 3716 opere
341 3645 521 3695 memorato
534 3632 574 3694 ad
590 3653 640 3694 an.
656 3631 759 3707 illum,
775 3633 804 3713 ξ.
821 3646 848 3694 1.
863 3632 916 3697 De
930 3629 1044 3695 eodem
1057 3629 1121 3695 hoe
1131 3626 1286 3694 concilio.

226 3717 272 3783 ita
290 3714 471 3802 Cyprianus
487 3716 519 3779 in
534 3716 639 3801 Epist.
656 3717 697 3780 ad
708 3716 910 3796 Jubaionnrn,
923 3739 997 3804 quae
1008 3729 1057 3779 est
1066 3728 1117 3791 7³.
1133 3715 1271 3779 Etanna

229 3825 349 3890 quoque
367 3823 435 3866 curn
450 3801 483 3864 in
497 3824 593 3866 unitur
608 3801 858 3881 convenissemus,
880 3813 946 3866 tam
957 3799 1132 3887 provineioe
1145 3798 1271 3887 Afi'issr

228 3910 323 3976 quum
339 3887 501 3950 Numidia>
516 3888 648 3972 episcopi
659 3910 784 3951 numero
798 3889 998 3977 septuaginta
1012 3898 1044 3951 et
1057 3907 1153 3950 mins.-

273 3973 357 4037 Ibid.
371 3973 394 4037 l.
409 3986 456 4037 14.
478 3995 552 4036 curn
574 3985 631 4037 tua
646 3973 813 4058 gravitate]
832 3976 932 4038 Hunc
945 3975 1051 4059 ipsum
1067 3969 1270 4056 Stephanum

111 4126 115 4135 ,
225 4057 315 4123 idem
333 4058 515 4146 Cyprianus
530 4058 704 4144 appellabit
718 4058 893 4143 superbum,
909 4058 1201 4157 imperitorumque
1211 4053 1270 4120 ira·

223 4144 401 4229 prosiliam,
415 4145 565 4229 ineptum,
579 4142 778 4210 obstinatum.
794 4146 898 4233 Epist.
912 4144 954 4213 ad
970 4145 1175 4231 Pompeium.
1206 4141 1270 4207 tu·

155 4270 159 4277 ·
229 4248 398 4297 suerrus
415 4229 678 4299 aFelloallstus.
