2678 4756
238 281 300 346 nr
575 237 965 346 suumxrrones‘

237 462 309 516 mm
326 446 486 535 Anglieus
505 447 673 537 interpres,
698 471 757 537 per
773 470 885 513 vocem
900 447 1141 517 durissimorum
1153 450 1280 541 signin

236 534 302 600 cari
316 557 336 599 e
351 534 518 621 Cypriano
532 535 743 614 Novatianos,
759 536 815 620 qui
826 535 925 621 lapsis
944 536 1171 622 poenitentium
1182 548 1280 627 uegass

235 621 327 699 bant,
342 619 375 684 id
390 620 470 685 mihi
484 619 592 685 minus
605 636 730 686 certum
749 636 782 684 et
806 641 847 684 ue
860 620 990 686 evidens
1004 622 1139 689 videtur.

282 707 317 770 P.
327 717 378 785 79.
390 705 413 769 l.
423 721 475 771 25.
492 716 668 793 tangerem
678 728 751 794 quae
763 643 805 768 ad
817 728 867 769 eos
878 707 1050 793 pertinent]
1062 710 1200 774 Veteres
1213 709 1281 775 edi·

236 791 342 858 tiones
354 804 386 857 et
400 791 548 856 undecim
560 790 634 856 libri
647 805 768 855 veteres
780 791 913 869 habent,
922 792 1019 858 nolite
1029 795 1208 882 tangerent
1219 816 1281 859 errr-
1306 858 1310 875 ,

236 877 329 942 nidus
341 898 415 977 qrrae
427 887 500 940 mat
512 878 569 942 eis.
591 876 690 964 Quod
702 889 866 941 mutatum
877 877 1002 945 videtur
1015 902 1036 943 a
1049 880 1282 966 posterioribus

236 963 373 1027 librarirs
389 962 499 1027 studio
517 962 702 1029 revocandae
721 962 868 1026 lectionis
889 985 962 1050 quae
980 978 1069 1029 extet
1087 965 1122 1029 in
1140 965 1283 1033 editione

236 1048 368 1134 vulgata
383 1069 481 1113 sacrae
496 1049 673 1149 scripturae.
689 1049 899 1112 Butuarus.
930 1049 963 1113 A
978 1050 1068 1115 Fello
1080 1051 1218 1118 adducti
1232 1052 1281 1119 iu·

236 1145 329 1200 erant
349 1133 502 1199 undecim
524 1134 571 1198 illr
592 1133 667 1199 libri
687 1146 808 1198 veteres
827 1156 910 1219 quos
930 1151 1091 1200 memorat
1110 1136 1281 1219 Baluziusr

236 1221 260 1286 ii
277 1241 351 1285 vero
368 1221 431 1293 τοὺς
447 1218 480 1283 o‘.
499 1219 541 1285 ad
559 1218 686 1284 literam
705 1219 900 1306 exprimunt,
920 1218 967 1285 ita
986 1222 1209 1288 enim-Graeca
1222 1222 1280 1288 ho-

236 1329 310 1372 rum
325 1306 507 1384 nohabent,
521 1306 580 1368 Kal
595 1309 634 1388 μὴ
648 1303 751 1369 ciris&
765 1307 820 1368 oiri
834 1306 942 1369 πάντων
957 1304 1011 1370 doct
1024 1311 1079 1379 ἒςιν
1093 1311 1200 1384 αὐτοῖς.

281 1390 366 1456 Ibid.
383 1392 405 1454 l.
419 1404 469 1466 27.
492 1390 584 1490 plebs
606 1391 800 1477 obsequens]
819 1390 932 1454 Sermo
957 1392 999 1456 de
1019 1395 1189 1458 vexatione
1207 1394 1280 1461 Do·

235 1476 425 1551 natistarum
451 1476 557 1539 edrtus
577 1475 610 1539 in
631 1474 809 1561 appendice
823 1476 937 1561 Optati
959 1499 979 1540 a
1000 1478 1067 1542 viro
1089 1478 1280 1547 doctissimo

238 1561 405 1627 Ludovico
420 1560 519 1626 Ellies
531 1559 665 1625 Du·l³in
681 1581 757 1646 pag.
769 1575 838 1640 299.
857 1564 887 1644 ξ.
897 1575 927 1626 3.
942 1562 1028 1627 Ante
1046 1562 1178 1650 plebem
1189 1565 1282 1632 nimir

235 1646 295 1712 sibi
310 1662 428 1732 semper
440 1644 625 1710 obsecutam.
647 1647 859 1711 anuzrus.
1309 1692 1312 1698 .

280 1731 464 1797 lbid.1.as.
487 1753 507 1795 a
522 1744 692 1817 peccatore
706 1731 895 1817 praeposito]
910 1733 1037 1819 Magna
1050 1732 1123 1799 istic
1138 1736 1281 1804 auctori·

237 1832 286 1885 tas
300 1819 396 1882 datur
410 1817 508 1903 plebi,
523 1829 559 1881 ut
572 1817 614 1881 de
630 1817 693 1881 rita
708 1831 742 1881 et
756 1818 900 1882 moribus
914 1820 1057 1906 episcopi
1078 1821 1128 1884 sui
1143 1822 1282 1906 judicet,

234 1917 271 1970 ct
292 1905 320 1969 si
341 1902 521 1968 constiterit
540 1901 633 1966 illurn
655 1925 758 1966 errare
772 1903 804 1965 in
822 1901 894 1982 fide,
906 1905 947 1967 ab
963 1904 1033 1990 ejus
1049 1906 1282 1973 communione

236 1990 406 2055 abstineat.
430 1988 517 2052 Nam
530 2009 599 2051 cnm
611 1987 675 2052 ideo
689 1988 858 2073 episeopus,
870 2001 908 2052 ut
918 1988 964 2055 ait
974 2002 1103 2055 sanctus
1117 1992 1284 2081 Hierony*

236 2098 311 2141 mus
332 2076 364 2139 in
382 2074 528 2160 Dialogo
548 2073 698 2138 adversus
720 2074 954 2153 Luciferianos,
970 2075 1009 2138 In
1022 2074 1151 2141 ecclesio
1168 2078 1281 2143 consti-

236 2172 347 2226 tuntur
367 2171 403 2224 ut
421 2159 574 2244 populum
589 2169 724 2223 coerceat
740 2158 778 2222 ab
792 2181 905 2238 errore,
920 2171 1057 2259 quantus
1072 2184 1159 2226 error
1172 2164 1235 2227 erit
1249 2164 1283 2231 in

233 2246 348 2333 popule
364 2266 433 2309 cum
446 2255 534 2308 errat
549 2242 604 2307 ille
617 2244 673 2332 qui
688 2243 785 2308 docet.
826 2245 911 2308 Item
926 2267 958 2309 m
974 2246 1112 2331 epistola
1126 2248 1170 2313 ud
1187 2251 1281 2314 Pum-

236 2331 403 2398 machium
417 2340 529 2394 contra
542 2331 701 2394 Joannem
720 2328 1058 2417 Hierosolymitanum
1072 2358 1081 2396 r
1106 2333 1281 2399 Sanctioret

219 2418 319 2482 'enim
332 2426 405 2480 sant
420 2436 509 2478 eures
522 2413 631 2500 pepuli
644 2437 740 2502 quam
753 2415 919 2480 recedetis
932 2415 1065 2481 animus.
1087 2418 1175 2484 Vide
1189 2432 1293 2487 notar*

235 2514 362 2569 nostras
378 2500 420 2564 ad
433 2500 648 2587 Agobardum
669 2522 746 2586 pag.
762 2507 813 2564 61.
836 2514 869 2564 et
891 2500 948 2566 viri
969 2501 1149 2568 doctissimi
1171 2505 1281 2570 nobis·

234 2610 299 2690 que
317 2586 501 2651 amicissimi
522 2586 647 2651 Domni
666 2585 820 2652 Bernardi
844 2585 885 2648 de
904 2587 1151 2654 Montefalcone
1165 2592 1282 2677 proefe⁴

234 2689 360 2740 tionem
376 2671 418 2737 ad
432 2694 452 2735 0
477 2672 589 2736 uscula
604 2673 706 2736 sancti
719 2671 890 2736 Athanasii
906 2674 936 2756 ξ.
949 2679 980 2736 6.
1009 2674 1096 2739 Vide
1111 2676 1211 2740 etiam
1226 2676 1281 2743 iti·
1291 2676 1296 2690 ”

235 2760 395 2824 nerarium
411 2693 546 2822 Adriani
562 2759 656 2844 Papae
671 2760 732 2824 VI.
748 2756 872 2821 editum
886 2757 919 2820 in
934 2758 1017 2823 libro
1031 2760 1129 2824 tertio
1143 2762 1280 2828 Miscel·

234 2847 401 2911 laneorum
418 2856 603 2907 nostrorum
617 2864 693 2928 pag.
707 2856 778 2906 451.
804 2843 997 2928 Exemplum
1011 2843 1114 2930 plebis
1129 2847 1281 2915 recedere

235 2931 371 2995 volentis
385 2930 426 2992 ab
442 2929 596 3015 episcopo
611 2951 670 2992 suo
685 2929 783 2993 refert
796 2942 926 2993 sanctus
941 2931 1148 3016 Augustinus
1163 2932 1196 2997 in
1211 2934 1282 3021 epif

234 3015 320 3082 stola
339 3014 382 3079 ad
403 3014 641 3093 Nancilionem,
656 3013 800 3100 quamvis
821 3033 886 3078 non
904 3031 1054 3100 ageretur
1073 3013 1115 3081 de
1133 3017 1210 3098 fide,
1225 3019 1281 3084 sed

234 3102 277 3167 de
293 3123 375 3166 nova
389 3098 596 3164 translatione
609 3099 704 3164 unius
718 3098 866 3163 vocabuli
876 3118 879 3123 ·
889 3099 922 3163 in
944 3100 1050 3187 capite
1070 3115 1188 3188 quarto
1207 3102 1283 3171 libri

232 3190 339 3254 Jonae.
383 3187 456 3251 Nos
471 3184 618 3249 homines
635 3187 790 3248 Romanae
807 3185 1046 3250 communionis
1061 3200 1217 3273 putamus
1232 3210 1282 3255 red

234 3273 416 3339 cedendum
430 3293 499 3335 esse
513 3294 532 3334 a
549 3273 634 3356 Papa
648 3271 674 3333 si
690 3270 733 3334 sit
745 3268 927 3335 hereticus.
950 3272 1162 3339 Bnnuzrus
1208 3276 1282 3342 No*

233 3360 315 3424 tavit
336 3359 418 3422 iuter
443 3356 505 3421 alia
529 3356 689 3441 Anglicus
716 3355 884 3441 interpres,
906 3355 996 3420 laicis
1018 3357 1175 3423 vindicari·
1195 3359 1284 3428 hane

235 3455 428 3530 potestatem
444 3443 476 3506 in
492 3441 620 3505 decimo
634 3440 748 3527 quinto
765 3441 899 3505 Canone
915 3440 1067 3522 Concilii,
1081 3444 1171 3530 quod
1186 3444 1280 3514 voest

234 3530 290 3595 ille
305 3529 485 3614 Septimum
502 3527 769 3605 OEeurnenicum,
787 3526 888 3612 (quod
903 3528 1032 3612 quidem
1048 3550 1151 3594 unum
1170 3532 1223 3596 est
1241 3538 1282 3599 οἳ

235 3613 369 3704 synodis
390 3611 565 3688 Photianis,
586 3612 680 3698 cujus
698 3623 809 3676 extant
828 3613 977 3678 Canones
996 3613 1038 3682 ad
1058 3635 1135 3700 pag.
1151 3629 1227 3681 ³31.
1247 3620 1282 3683 et-

235 3722 304 3791 seq.
329 3696 475 3784 Synodici
504 3696 732 3783 Reveregiant)
760 3697 930 3783 separandi
956 3720 1025 3763 sese
1053 3700 1094 3763 ab
1122 3698 1283 3791 episcopo·¹

236 3808 309 3866 suo,
322 3785 350 3849 si
363 3781 463 3847 modo
476 3782 562 3848 circa
577 3782 734 3868 dogmata
742 3782 812 3869 jam
828 3782 959 3848 definita
972 3784 1163 3852 manifestus
1177 3787 1280 3854 hers:

236 3871 320 3937 ticus
342 3868 494 3948 extiterit,
513 3868 640 3935 etiamsi
662 3868 751 3935 nulla
770 3868 805 3932 in
826 3891 902 3933 eum
927 3868 995 3934 lata
1017 3884 1103 3935 esset
1122 3872 1281 3960 synodica]

234 3954 404 4024 sententia,
432 3954 480 4018 At
493 3975 567 4019 vero
582 3954 669 4018 hunc
685 3955 853 4020 Canonem
869 3953 910 4018 ad
924 3954 1047 4021 clerum
1061 3958 1196 4043 presuli
1208 3958 1280 4026 hes

234 4042 337 4111 retice
352 4038 518 4105 subditum
532 4038 679 4126 proxime
694 4040 852 4126 pertinere
865 4039 1017 4106 dicerem.
1260 4062 1280 4073 ··

279 4126 365 4193 lbld·
378 4126 402 4190 l·
416 4139 466 4190 30.
488 4124 558 4212 ipsa
576 4125 718 4193 maxime
741 4124 859 4191 hebeat
879 4138 1074 4212 potestatem
1093 4126 1175 4215 dect]
1200 4082 1301 4211 iffi.-

235 4213 366 4302 Ps⁰P¹l0
380 4225 473 4294 ¹1¹0&
487 4210 638 4299 lfflpulnn,
652 4209 710 4280 ned
722 4210 888 4279 admonita
901 4233 960 4300 per
974 4214 1099 4301 justam
1110 4234 1153 4289 w
1164 4236 1281 4284 W
