<?xml version="1.0" encoding="UTF-8"?>
<!DOCTYPE html PUBLIC "-//W3C//DTD XHTML 1.0 Transitional//EN"
    "http://www.w3.org/TR/xhtml1/DTD/xhtml1-transitional.dtd">
<html xmlns="http://www.w3.org/1999/xhtml" xml:lang="en" lang="en">
 <head>
  <title>
</title>
<meta http-equiv="Content-Type" content="text/html;charset=utf-8" />
  <meta name='ocr-system' content='tesseract 3.04.00' />
  <meta name='ocr-capabilities' content='ocr_page ocr_carea ocr_par ocr_line ocrx_word'/>
</head>
<body>
  <div class='ocr_page' id='page_1' title='image "./reliquiaesacrae11routgoog_0069.png"; bbox 0 0 2678 4756; ppageno 0'>
   <div class='ocr_carea' id='block_1_1' title="bbox 158 300 966 375">
    <p class='ocr_par' dir='ltr' id='par_1_1' title="bbox 158 300 966 375">
     <span class='ocr_line' id='line_1_1' title="bbox 158 300 966 375; baseline 0.009 -6"><span class='ocrx_word' id='word_1_1' title='bbox 158 300 202 369; x_wconf 81' lang='lat'>6&#39;0</span> <span class='ocrx_word' id='word_1_2' title='bbox 489 306 847 375; x_wconf 79' lang='lat' dir='ltr'>ANNOTATIONES</span> <span class='ocrx_word' id='word_1_3' title='bbox 930 328 934 333; x_wconf 86' lang='lat'>·</span> <span class='ocrx_word' id='word_1_4' title='bbox 963 308 966 313; x_wconf 77' lang='grc'><strong>’</strong></span> 
     </span>
    </p>
   </div>
   <div class='ocr_carea' id='block_1_2' title="bbox 52 474 1234 4299">
    <p class='ocr_par' dir='ltr' id='par_1_2' title="bbox 52 474 1234 4299">
     <span class='ocr_line' id='line_1_2' title="bbox 200 474 1185 563; baseline 0.006 -24"><span class='ocrx_word' id='word_1_5' title='bbox 200 477 234 539; x_wconf 89' lang='grc' dir='ltr'>Ρ.</span> <span class='ocrx_word' id='word_1_6' title='bbox 250 490 297 540; x_wconf 85' lang='grc'>15.</span> <span class='ocrx_word' id='word_1_7' title='bbox 311 474 334 539; x_wconf 90' lang='lat' dir='ltr'>l.</span> <span class='ocrx_word' id='word_1_8' title='bbox 349 490 396 541; x_wconf 84' lang='lat' dir='ltr'>ts.</span> <span class='ocrx_word' id='word_1_9' title='bbox 417 474 509 539; x_wconf 73' lang='lat' dir='ltr'>ioasi</span> <span class='ocrx_word' id='word_1_10' title='bbox 524 481 630 554; x_wconf 76' lang='grc' dir='ltr'><strong><em>Μωσῆς</em></strong></span> <span class='ocrx_word' id='word_1_11' title='bbox 643 481 657 540; x_wconf 85' lang='lat' dir='ltr'>i</span> <span class='ocrx_word' id='word_1_12' title='bbox 671 477 820 563; x_wconf 75' lang='grc' dir='ltr'><strong><em>μακάριος]</em></strong></span> <span class='ocrx_word' id='word_1_13' title='bbox 836 478 889 542; x_wconf 82' lang='lat' dir='ltr'>De</span> <span class='ocrx_word' id='word_1_14' title='bbox 902 478 966 543; x_wconf 83' lang='lat' dir='ltr'>hoc</span> <span class='ocrx_word' id='word_1_15' title='bbox 977 478 1019 543; x_wconf 90' lang='lat' dir='ltr'><strong>M</strong></span> <span class='ocrx_word' id='word_1_16' title='bbox 1115 480 1185 547; x_wconf 86' lang='lat' dir='ltr'>Ro·</span> 
     </span>
     <span class='ocr_line' id='line_1_3' title="bbox 156 560 1186 665; baseline 0.001 -36"><span class='ocrx_word' id='word_1_17' title='bbox 156 582 259 629; x_wconf 81' lang='lat' dir='ltr'>manae</span> <span class='ocrx_word' id='word_1_18' title='bbox 285 560 372 625; x_wconf 88' lang='lat' dir='ltr'>urbis</span> <span class='ocrx_word' id='word_1_19' title='bbox 398 563 584 648; x_wconf 87' lang='lat' dir='ltr'>presbytero</span> <span class='ocrx_word' id='word_1_20' title='bbox 611 562 792 650; x_wconf 81' lang='lat' dir='ltr'>Cyprianus</span> <span class='ocrx_word' id='word_1_21' title='bbox 817 564 850 628; x_wconf 95' lang='lat' dir='ltr'>in</span> <span class='ocrx_word' id='word_1_22' title='bbox 871 563 1015 649; x_wconf 87' lang='lat' dir='ltr'>epistolis</span> <span class='ocrx_word' id='word_1_23' title='bbox 1047 564 1186 665; x_wconf 81' lang='lat' dir='ltr'>oqtdtur</span> 
     </span>
     <span class='ocr_line' id='line_1_4' title="bbox 155 646 1182 737; baseline 0.004 -28"><span class='ocrx_word' id='word_1_24' title='bbox 155 646 281 733; x_wconf 76' lang='lat' dir='ltr'>saepius.</span> <span class='ocrx_word' id='word_1_25' title='bbox 325 647 389 711; x_wconf 92' lang='lat' dir='ltr'>Hic</span> <span class='ocrx_word' id='word_1_26' title='bbox 403 660 475 732; x_wconf 89' lang='lat' dir='ltr'>post</span> <span class='ocrx_word' id='word_1_27' title='bbox 489 648 668 732; x_wconf 79' lang='lat' dir='ltr'>passionem</span> <span class='ocrx_word' id='word_1_28' title='bbox 684 647 812 713; x_wconf 87' lang='lat' dir='ltr'>Fabiani</span> <span class='ocrx_word' id='word_1_29' title='bbox 826 650 920 714; x_wconf 87' lang='lat' dir='ltr'>Rom.</span> <span class='ocrx_word' id='word_1_30' title='bbox 934 649 1023 715; x_wconf 89' lang='lat' dir='ltr'>urbis</span> <span class='ocrx_word' id='word_1_31' title='bbox 1037 670 1055 712; x_wconf 92' lang='lat' dir='ltr'>e</span> <span class='ocrx_word' id='word_1_32' title='bbox 1079 650 1182 737; x_wconf 82' lang='lat' dir='ltr'>racopi</span> 
     </span>
     <span class='ocr_line' id='line_1_5' title="bbox 154 671 1183 820; baseline 0.004 -25"><span class='ocrx_word' id='word_1_33' title='bbox 154 730 258 795; x_wconf 86' lang='lat' dir='ltr'>Decio</span> <span class='ocrx_word' id='word_1_34' title='bbox 272 744 302 794; x_wconf 82' lang='lat'>2.</span> <span class='ocrx_word' id='word_1_35' title='bbox 320 744 353 795; x_wconf 88' lang='lat' dir='ltr'>et</span> <span class='ocrx_word' id='word_1_36' title='bbox 370 733 473 796; x_wconf 87' lang='lat' dir='ltr'>Grato</span> <span class='ocrx_word' id='word_1_37' title='bbox 492 733 584 797; x_wconf 84' lang='lat' dir='ltr'>Coss.</span> <span class='ocrx_word' id='word_1_38' title='bbox 598 755 682 797; x_wconf 91' lang='lat' dir='ltr'>anno</span> <span class='ocrx_word' id='word_1_39' title='bbox 702 732 824 798; x_wconf 87' lang='lat' dir='ltr'>Christi</span> <span class='ocrx_word' id='word_1_40' title='bbox 838 748 906 798; x_wconf 82' lang='lat'><strong>250.</strong></span> <span class='ocrx_word' id='word_1_41' title='bbox 929 671 1183 820; x_wconf 76' lang='lat' dir='ltr'>comprehensus</span> 
     </span>
     <span class='ocr_line' id='line_1_6' title="bbox 154 817 1180 905; baseline 0.004 -26"><span class='ocrx_word' id='word_1_42' title='bbox 154 829 203 880; x_wconf 88' lang='lat' dir='ltr'>est</span> <span class='ocrx_word' id='word_1_43' title='bbox 227 838 289 879; x_wconf 89' lang='lat' dir='ltr'>una</span> <span class='ocrx_word' id='word_1_44' title='bbox 310 837 383 881; x_wconf 91' lang='lat' dir='ltr'>cum</span> <span class='ocrx_word' id='word_1_45' title='bbox 406 817 553 881; x_wconf 86' lang='lat' dir='ltr'>Maximo</span> <span class='ocrx_word' id='word_1_46' title='bbox 573 819 760 905; x_wconf 86' lang='lat' dir='ltr'>presbytero</span> <span class='ocrx_word' id='word_1_47' title='bbox 772 833 805 883; x_wconf 91' lang='lat' dir='ltr'>et</span> <span class='ocrx_word' id='word_1_48' title='bbox 822 818 1007 884; x_wconf 91' lang='lat' dir='ltr'>Nicostrato</span> <span class='ocrx_word' id='word_1_49' title='bbox 1022 819 1180 898; x_wconf 86' lang='lat' dir='ltr'>diacono;</span> 
     </span>
     <span class='ocr_line' id='line_1_7' title="bbox 153 899 1181 987; baseline 0.004 -23"><span class='ocrx_word' id='word_1_50' title='bbox 153 914 186 964; x_wconf 91' lang='lat' dir='ltr'>et</span> <span class='ocrx_word' id='word_1_51' title='bbox 205 899 369 987; x_wconf 80' lang='lat' dir='ltr'>conjectus</span> <span class='ocrx_word' id='word_1_52' title='bbox 391 904 423 966; x_wconf 92' lang='lat' dir='ltr'>in</span> <span class='ocrx_word' id='word_1_53' title='bbox 442 924 613 982; x_wconf 82' lang='lat' dir='ltr'><strong>carcerem,</strong></span> <span class='ocrx_word' id='word_1_54' title='bbox 629 904 673 968; x_wconf 92' lang='lat' dir='ltr'>ibi</span> <span class='ocrx_word' id='word_1_55' title='bbox 692 903 861 968; x_wconf 86' lang='lat' dir='ltr'>defunctus</span> <span class='ocrx_word' id='word_1_56' title='bbox 879 918 939 982; x_wconf 88' lang='lat' dir='ltr'>est,</span> <span class='ocrx_word' id='word_1_57' title='bbox 954 926 1031 969; x_wconf 89' lang='lat' dir='ltr'>cum</span> <span class='ocrx_word' id='word_1_58' title='bbox 1045 904 1181 968; x_wconf 86' lang='lat' dir='ltr'>mansis·</span> 
     </span>
     <span class='ocr_line' id='line_1_8' title="bbox 152 984 1179 1074; baseline 0.006 -26"><span class='ocrx_word' id='word_1_59' title='bbox 152 984 246 1049; x_wconf 88' lang='lat' dir='ltr'>setin</span> <span class='ocrx_word' id='word_1_60' title='bbox 261 1007 386 1051; x_wconf 89' lang='lat' dir='ltr'>carcere</span> <span class='ocrx_word' id='word_1_61' title='bbox 399 1008 524 1053; x_wconf 88' lang='lat' dir='ltr'>menses</span> <span class='ocrx_word' id='word_1_62' title='bbox 538 989 580 1053; x_wconf 84' lang='lat' dir='ltr'>xi.</span> <span class='ocrx_word' id='word_1_63' title='bbox 596 989 664 1053; x_wconf 91' lang='lat' dir='ltr'>dies</span> <span class='ocrx_word' id='word_1_64' title='bbox 679 989 720 1052; x_wconf 88' lang='lat' dir='ltr'>xi.</span> <span class='ocrx_word' id='word_1_65' title='bbox 735 1001 772 1053; x_wconf 92' lang='lat' dir='ltr'>ut</span> <span class='ocrx_word' id='word_1_66' title='bbox 791 988 910 1074; x_wconf 83' lang='lat' dir='ltr'>legitur</span> <span class='ocrx_word' id='word_1_67' title='bbox 927 989 961 1053; x_wconf 94' lang='lat' dir='ltr'>in</span> <span class='ocrx_word' id='word_1_68' title='bbox 978 990 1077 1054; x_wconf 89' lang='lat' dir='ltr'>veteri</span> <span class='ocrx_word' id='word_1_69' title='bbox 1095 987 1179 1054; x_wconf 87' lang='lat' dir='ltr'>libro</span> 
     </span>
     <span class='ocr_line' id='line_1_9' title="bbox 151 1069 1179 1161; baseline 0.005 -27"><span class='ocrx_word' id='word_1_70' title='bbox 151 1069 192 1151; x_wconf 83' lang='lat' dir='ltr'>de</span> <span class='ocrx_word' id='word_1_71' title='bbox 211 1072 414 1137; x_wconf 87' lang='lat' dir='ltr'>Pontificibus</span> <span class='ocrx_word' id='word_1_72' title='bbox 432 1073 595 1138; x_wconf 88' lang='lat' dir='ltr'>Romanis.</span> <span class='ocrx_word' id='word_1_73' title='bbox 638 1073 735 1161; x_wconf 73' lang='lat' dir='ltr'>Quod</span> <span class='ocrx_word' id='word_1_74' title='bbox 748 1076 915 1138; x_wconf 81' lang='lat' dir='ltr'>confirmat</span> <span class='ocrx_word' id='word_1_75' title='bbox 928 1074 1023 1139; x_wconf 84' lang='lat' dir='ltr'>etiarn</span> <span class='ocrx_word' id='word_1_76' title='bbox 1039 1074 1179 1161; x_wconf 80' lang='lat' dir='ltr'>Cypria·</span> 
     </span>
     <span class='ocr_line' id='line_1_10' title="bbox 152 1156 1181 1258; baseline 0.004 -39"><span class='ocrx_word' id='word_1_77' title='bbox 152 1178 211 1221; x_wconf 88' lang='lat' dir='ltr'>nus</span> <span class='ocrx_word' id='word_1_78' title='bbox 225 1156 258 1220; x_wconf 88' lang='lat' dir='ltr'>in</span> <span class='ocrx_word' id='word_1_79' title='bbox 274 1157 418 1242; x_wconf 79' lang='lat' dir='ltr'>Epistola</span> <span class='ocrx_word' id='word_1_80' title='bbox 433 1172 479 1221; x_wconf 87' lang='grc'>15.</span> <span class='ocrx_word' id='word_1_81' title='bbox 495 1156 535 1221; x_wconf 90' lang='lat' dir='ltr'>ad</span> <span class='ocrx_word' id='word_1_82' title='bbox 550 1160 589 1221; x_wconf 94' lang='lat' dir='ltr'>M</span> <span class='ocrx_word' id='word_1_83' title='bbox 592 1180 702 1258; x_wconf 90' lang='lat' dir='ltr'>oysem</span> <span class='ocrx_word' id='word_1_84' title='bbox 720 1171 753 1221; x_wconf 90' lang='lat' dir='ltr'>et</span> <span class='ocrx_word' id='word_1_85' title='bbox 774 1160 952 1223; x_wconf 88' lang='lat' dir='ltr'>Maximum</span> <span class='ocrx_word' id='word_1_86' title='bbox 997 1158 1181 1247; x_wconf 86' lang='lat' dir='ltr'>resbyteros&#39;</span> 
     </span>
     <span class='ocr_line' id='line_1_11' title="bbox 150 1244 1179 1321; baseline 0.001 -14"><span class='ocrx_word' id='word_1_87' title='bbox 150 1255 184 1307; x_wconf 87' lang='lat' dir='ltr'>et</span> <span class='ocrx_word' id='word_1_88' title='bbox 202 1253 323 1306; x_wconf 88' lang='lat' dir='ltr'>ceteros</span> <span class='ocrx_word' id='word_1_89' title='bbox 345 1244 554 1321; x_wconf 88' lang='lat' dir='ltr'>confessores,</span> <span class='ocrx_word' id='word_1_90' title='bbox 568 1245 625 1309; x_wconf 89' lang='lat' dir='ltr'>ubr</span> <span class='ocrx_word' id='word_1_91' title='bbox 643 1245 725 1308; x_wconf 82' lang='lat' dir='ltr'>inter</span> <span class='ocrx_word' id='word_1_92' title='bbox 745 1257 851 1308; x_wconf 90' lang='lat' dir='ltr'>cetera</span> <span class='ocrx_word' id='word_1_93' title='bbox 871 1245 941 1309; x_wconf 85' lang='lat' dir='ltr'>haec</span> <span class='ocrx_word' id='word_1_94' title='bbox 983 1244 1050 1309; x_wconf 92' lang='lat' dir='ltr'>icit.</span> <span class='ocrx_word' id='word_1_95' title='bbox 1089 1244 1179 1308; x_wconf 80' lang='lat' dir='ltr'>Eunt</span> 
     </span>
     <span class='ocr_line' id='line_1_12' title="bbox 149 1327 1178 1477; baseline 0 -86"><span class='ocrx_word' id='word_1_96' title='bbox 149 1348 231 1411; x_wconf 77' lang='grc'><strong>1111115</strong></span> <span class='ocrx_word' id='word_1_97' title='bbox 244 1327 458 1424; x_wconf 79' lang='lat' dir='ltr'>magistratus,</span> <span class='ocrx_word' id='word_1_98' title='bbox 470 1338 501 1392; x_wconf 86' lang='lat' dir='ltr'>et</span> <span class='ocrx_word' id='word_1_99' title='bbox 515 1328 649 1393; x_wconf 73' lang='lat' dir='ltr'>causales</span> <span class='ocrx_word' id='word_1_100' title='bbox 661 1329 929 1477; x_wconf 54' lang='lat' dir='ltr'>sivefflonsules</span> <span class='ocrx_word' id='word_1_101' title='bbox 942 1350 1057 1394; x_wconf 82' lang='lat' dir='ltr'>aunuoe</span> <span class='ocrx_word' id='word_1_102' title='bbox 1070 1328 1178 1417; x_wconf 82' lang='lat' dir='ltr'>digni·</span> 
     </span>
     <span class='ocr_line' id='line_1_13' title="bbox 151 1411 1178 1502; baseline 0.002 -27"><span class='ocrx_word' id='word_1_103' title='bbox 151 1411 227 1475; x_wconf 87' lang='lat' dir='ltr'>tutis</span> <span class='ocrx_word' id='word_1_104' title='bbox 240 1411 299 1475; x_wconf 84' lang='lat' dir='ltr'>inst</span> <span class='ocrx_word' id='word_1_105' title='bbox 344 1412 410 1476; x_wconf 79' lang='lat' dir='ltr'>itas</span> <span class='ocrx_word' id='word_1_106' title='bbox 424 1424 455 1477; x_wconf 91' lang='lat' dir='ltr'>et</span> <span class='ocrx_word' id='word_1_107' title='bbox 467 1413 623 1479; x_wconf 78' lang='lat' dir='ltr'>duodecim</span> <span class='ocrx_word' id='word_1_108' title='bbox 635 1414 725 1500; x_wconf 86' lang='lat' dir='ltr'>fasci</span> <span class='ocrx_word' id='word_1_109' title='bbox 764 1437 779 1478; x_wconf 92' lang='lat' dir='ltr'>s</span> <span class='ocrx_word' id='word_1_110' title='bbox 816 1414 973 1479; x_wconf 75' lang='lat' dir='ltr'>loricatum</span> <span class='ocrx_word' id='word_1_111' title='bbox 1010 1415 1093 1478; x_wconf 87' lang='lat' dir='ltr'>Eece</span> <span class='ocrx_word' id='word_1_112' title='bbox 1105 1414 1178 1502; x_wconf 84' lang='lat' dir='ltr'>dig·</span> 
     </span>
     <span class='ocr_line' id='line_1_14' title="bbox 149 1438 1178 1587; baseline 0.004 -28"><span class='ocrx_word' id='word_1_113' title='bbox 149 1495 233 1559; x_wconf 84' lang='lat' dir='ltr'>uitus</span> <span class='ocrx_word' id='word_1_114' title='bbox 245 1519 291 1559; x_wconf 82' lang='lat' dir='ltr'>cre</span> <span class='ocrx_word' id='word_1_115' title='bbox 319 1496 376 1563; x_wconf 85' lang='lat' dir='ltr'>stis</span> <span class='ocrx_word' id='word_1_116' title='bbox 389 1496 422 1561; x_wconf 88' lang='lat' dir='ltr'>iu</span> <span class='ocrx_word' id='word_1_117' title='bbox 436 1497 518 1562; x_wconf 78' lang='lat' dir='ltr'>votis</span> <span class='ocrx_word' id='word_1_118' title='bbox 532 1499 650 1563; x_wconf 81' lang='lat' dir='ltr'>honoris</span> <span class='ocrx_word' id='word_1_119' title='bbox 665 1499 761 1564; x_wconf 83' lang='lat' dir='ltr'>annui</span> <span class='ocrx_word' id='word_1_120' title='bbox 775 1438 919 1564; x_wconf 63' lang='lat' dir='ltr'>cibritute</span> <span class='ocrx_word' id='word_1_121' title='bbox 931 1500 1060 1587; x_wconf 85' lang='lat' dir='ltr'>signatu</span> <span class='ocrx_word' id='word_1_122' title='bbox 1073 1511 1131 1578; x_wconf 87' lang='lat' dir='ltr'>est,</span> <span class='ocrx_word' id='word_1_123' title='bbox 1147 1507 1178 1563; x_wconf 84' lang='lat' dir='ltr'>et</span> 
     </span>
     <span class='ocr_line' id='line_1_15' title="bbox 140 1581 1177 1671; baseline 0.002 -25"><span class='ocrx_word' id='word_1_124' title='bbox 140 1581 213 1667; x_wconf 86' lang='lat' dir='ltr'>jam</span> <span class='ocrx_word' id='word_1_125' title='bbox 229 1581 374 1647; x_wconf 66' lang='lat' dir='ltr'>vetantis</span> <span class='ocrx_word' id='word_1_126' title='bbox 394 1583 468 1647; x_wconf 87' lang='lat' dir='ltr'>anai</span> <span class='ocrx_word' id='word_1_127' title='bbox 490 1581 652 1648; x_wconf 75' lang='lat' dir='ltr'>volubilem</span> <span class='ocrx_word' id='word_1_128' title='bbox 667 1584 814 1649; x_wconf 86' lang='lat' dir='ltr'>circulum</span> <span class='ocrx_word' id='word_1_129' title='bbox 828 1585 963 1650; x_wconf 85' lang='lat' dir='ltr'>victricis</span> <span class='ocrx_word' id='word_1_130' title='bbox 974 1584 1092 1671; x_wconf 64' lang='lat' dir='ltr'>gloriis</span> <span class='ocrx_word' id='word_1_131' title='bbox 1105 1583 1177 1648; x_wconf 86' lang='lat' dir='ltr'>diu·</span> 
     </span>
     <span class='ocr_line' id='line_1_16' title="bbox 150 1666 1178 1755; baseline 0.004 -25"><span class='ocrx_word' id='word_1_132' title='bbox 150 1666 301 1731; x_wconf 85' lang='lat' dir='ltr'>turnitate</span> <span class='ocrx_word' id='word_1_133' title='bbox 321 1678 513 1755; x_wconf 86' lang='lat' dir='ltr'>transgressa</span> <span class='ocrx_word' id='word_1_134' title='bbox 532 1680 589 1733; x_wconf 88' lang='lat' dir='ltr'>est.</span> <span class='ocrx_word' id='word_1_135' title='bbox 611 1670 816 1734; x_wconf 67' lang='lat' dir='ltr'>Venustus.</span> <span class='ocrx_word' id='word_1_136' title='bbox 860 1672 897 1734; x_wconf 94' lang='lat' dir='ltr'>In</span> <span class='ocrx_word' id='word_1_137' title='bbox 909 1673 941 1734; x_wconf 91' lang='lat' dir='ltr'>-E</span> <span class='ocrx_word' id='word_1_138' title='bbox 964 1669 1066 1734; x_wconf 88' lang='lat' dir='ltr'>istolis</span> <span class='ocrx_word' id='word_1_139' title='bbox 1083 1675 1130 1734; x_wconf 84' lang='lat'>16.</span> <span class='ocrx_word' id='word_1_140' title='bbox 1145 1682 1178 1735; x_wconf 87' lang='lat' dir='ltr'>et</span> 
     </span>
     <span class='ocr_line' id='line_1_17' title="bbox 148 1692 1178 1841; baseline 0.003 -26"><span class='ocrx_word' id='word_1_141' title='bbox 148 1766 199 1816; x_wconf 81' lang='lat'>2⁵.</span> <span class='ocrx_word' id='word_1_142' title='bbox 215 1751 368 1838; x_wconf 90' lang='lat' dir='ltr'>Cypriani</span> <span class='ocrx_word' id='word_1_143' title='bbox 390 1754 431 1818; x_wconf 87' lang='lat' dir='ltr'>ad</span> <span class='ocrx_word' id='word_1_144' title='bbox 452 1754 537 1817; x_wconf 93' lang='lat' dir='ltr'>hunc</span> <span class='ocrx_word' id='word_1_145' title='bbox 554 1756 694 1841; x_wconf 81' lang='lat' dir='ltr'>Moysen</span> <span class='ocrx_word' id='word_1_146' title='bbox 709 1768 742 1820; x_wconf 93' lang='grc'>51</span> <span class='ocrx_word' id='word_1_147' title='bbox 756 1755 861 1820; x_wconf 91' lang='lat' dir='ltr'>socios</span> <span class='ocrx_word' id='word_1_148' title='bbox 875 1692 1087 1832; x_wconf 69' lang='lat' dir='ltr'>conlessores,</span> <span class='ocrx_word' id='word_1_149' title='bbox 1103 1774 1178 1819; x_wconf 88' lang='lat' dir='ltr'>neo·</span> 
     </span>
     <span class='ocr_line' id='line_1_18' title="bbox 148 1837 1178 1927; baseline 0.002 -26"><span class='ocrx_word' id='word_1_150' title='bbox 148 1837 267 1902; x_wconf 93' lang='lat' dir='ltr'>nonin</span> <span class='ocrx_word' id='word_1_151' title='bbox 290 1838 434 1923; x_wconf 84' lang='lat' dir='ltr'>Epistola</span> <span class='ocrx_word' id='word_1_152' title='bbox 455 1844 504 1903; x_wconf 83' lang='lat'>26.</span> <span class='ocrx_word' id='word_1_153' title='bbox 526 1840 714 1905; x_wconf 89' lang='lat' dir='ltr'>eorumdem</span> <span class='ocrx_word' id='word_1_154' title='bbox 735 1841 954 1905; x_wconf 81' lang='lat' dir='ltr'>confessorum</span> <span class='ocrx_word' id='word_1_155' title='bbox 976 1840 1017 1904; x_wconf 89' lang='lat' dir='ltr'>ad</span> <span class='ocrx_word' id='word_1_156' title='bbox 1040 1839 1178 1927; x_wconf 90' lang='lat' dir='ltr'>Cypria-</span> 
     </span>
     <span class='ocr_line' id='line_1_19' title="bbox 149 1923 1177 2010; baseline 0.001 -24"><span class='ocrx_word' id='word_1_157' title='bbox 149 1944 239 2001; x_wconf 91' lang='lat' dir='ltr'>num,</span> <span class='ocrx_word' id='word_1_158' title='bbox 255 1923 382 2010; x_wconf 87' lang='lat' dir='ltr'>Moysis</span> <span class='ocrx_word' id='word_1_159' title='bbox 398 1945 513 1988; x_wconf 91' lang='lat' dir='ltr'>nomen</span> <span class='ocrx_word' id='word_1_160' title='bbox 528 1923 560 1987; x_wconf 93' lang='lat' dir='ltr'>in</span> <span class='ocrx_word' id='word_1_161' title='bbox 574 1925 678 2010; x_wconf 88' lang='lat' dir='ltr'>capite</span> <span class='ocrx_word' id='word_1_162' title='bbox 692 1940 873 1989; x_wconf 89' lang='lat' dir='ltr'>ceterorum</span> <span class='ocrx_word' id='word_1_163' title='bbox 888 1938 1073 1989; x_wconf 85' lang='lat' dir='ltr'>constanter</span> <span class='ocrx_word' id='word_1_164' title='bbox 1091 1946 1177 2010; x_wconf 83' lang='lat' dir='ltr'>prae-</span> 
     </span>
     <span class='ocr_line' id='line_1_20' title="bbox 146 2007 1178 2093; baseline 0.001 -22"><span class='ocrx_word' id='word_1_165' title='bbox 146 2007 288 2093; x_wconf 87' lang='lat' dir='ltr'>ponitur.</span> <span class='ocrx_word' id='word_1_166' title='bbox 330 2010 429 2073; x_wconf 90' lang='lat' dir='ltr'>Hunc</span> <span class='ocrx_word' id='word_1_167' title='bbox 446 2009 477 2072; x_wconf 93' lang='lat' dir='ltr'>in</span> <span class='ocrx_word' id='word_1_168' title='bbox 496 2030 623 2073; x_wconf 87' lang='lat' dir='ltr'>carcere</span> <span class='ocrx_word' id='word_1_169' title='bbox 638 2009 823 2078; x_wconf 71' lang='lat' dir='ltr'>demnatum</span> <span class='ocrx_word' id='word_1_170' title='bbox 839 2010 987 2074; x_wconf 81' lang='lat' dir='ltr'>Valesius</span> <span class='ocrx_word' id='word_1_171' title='bbox 1002 2009 1178 2088; x_wconf 85' lang='lat' dir='ltr'>existimat,</span> 
     </span>
     <span class='ocr_line' id='line_1_21' title="bbox 147 2092 1178 2179; baseline 0.002 -23"><span class='ocrx_word' id='word_1_172' title='bbox 147 2092 320 2179; x_wconf 91' lang='lat' dir='ltr'>nititurque</span> <span class='ocrx_word' id='word_1_173' title='bbox 333 2094 382 2157; x_wconf 90' lang='lat' dir='ltr'>his</span> <span class='ocrx_word' id='word_1_174' title='bbox 397 2093 496 2158; x_wconf 91' lang='lat' dir='ltr'>verbis</span> <span class='ocrx_word' id='word_1_175' title='bbox 510 2094 700 2159; x_wconf 89' lang='lat' dir='ltr'>Bucheriani</span> <span class='ocrx_word' id='word_1_176' title='bbox 715 2095 853 2179; x_wconf 84' lang='lat' dir='ltr'>catalogi</span> <span class='ocrx_word' id='word_1_177' title='bbox 867 2095 899 2157; x_wconf 93' lang='lat' dir='ltr'>in</span> <span class='ocrx_word' id='word_1_178' title='bbox 917 2094 1077 2158; x_wconf 83' lang='lat' dir='ltr'>Fabiano:</span> <span class='ocrx_word' id='word_1_179' title='bbox 1100 2096 1178 2158; x_wconf 84' lang='lat' dir='ltr'>Post</span> 
     </span>
     <span class='ocr_line' id='line_1_22' title="bbox 147 2177 1177 2266; baseline 0.002 -26"><span class='ocrx_word' id='word_1_180' title='bbox 147 2190 274 2242; x_wconf 90' lang='lat' dir='ltr'>martem</span> <span class='ocrx_word' id='word_1_181' title='bbox 296 2179 362 2262; x_wconf 84' lang='lat' dir='ltr'>ejas</span> <span class='ocrx_word' id='word_1_182' title='bbox 389 2179 545 2259; x_wconf 85' lang='lat' dir='ltr'>(Fabiani)</span> <span class='ocrx_word' id='word_1_183' title='bbox 568 2180 695 2264; x_wconf 76' lang='lat' dir='ltr'>Moyses</span> <span class='ocrx_word' id='word_1_184' title='bbox 715 2191 746 2243; x_wconf 90' lang='lat' dir='ltr'>et</span> <span class='ocrx_word' id='word_1_185' title='bbox 768 2180 933 2243; x_wconf 78' lang='lat' dir='ltr'>Maximus</span> <span class='ocrx_word' id='word_1_186' title='bbox 950 2177 1125 2266; x_wconf 79' lang='lat' dir='ltr'>presbyteri</span> <span class='ocrx_word' id='word_1_187' title='bbox 1145 2187 1177 2244; x_wconf 85' lang='lat' dir='ltr'>et</span> 
     </span>
     <span class='ocr_line' id='line_1_23' title="bbox 147 2262 1175 2347; baseline 0.003 -22"><span class='ocrx_word' id='word_1_188' title='bbox 147 2262 346 2327; x_wconf 81' lang='lat' dir='ltr'>Nicostratus</span> <span class='ocrx_word' id='word_1_189' title='bbox 360 2263 503 2326; x_wconf 87' lang='lat' dir='ltr'>diaconus</span> <span class='ocrx_word' id='word_1_190' title='bbox 516 2263 720 2347; x_wconf 73' lang='lat' dir='ltr'>comprehensi</span> <span class='ocrx_word' id='word_1_191' title='bbox 733 2276 816 2341; x_wconf 83' lang='lat' dir='ltr'>suat,</span> <span class='ocrx_word' id='word_1_192' title='bbox 827 2275 857 2327; x_wconf 89' lang='lat' dir='ltr'>et</span> <span class='ocrx_word' id='word_1_193' title='bbox 869 2263 902 2328; x_wconf 85' lang='lat' dir='ltr'>in</span> <span class='ocrx_word' id='word_1_194' title='bbox 913 2286 1065 2328; x_wconf 72' lang='lat' dir='ltr'>carmem</span> <span class='ocrx_word' id='word_1_195' title='bbox 1075 2263 1175 2328; x_wconf 76' lang='grc' dir='ltr'><strong>11ιὶ551.</strong></span> 
     </span>
     <span class='ocr_line' id='line_1_24' title="bbox 146 2347 1234 2436; baseline 0 -25"><span class='ocrx_word' id='word_1_196' title='bbox 146 2347 195 2411; x_wconf 85' lang='lat' dir='ltr'>Eo</span> <span class='ocrx_word' id='word_1_197' title='bbox 211 2357 344 2430; x_wconf 85' lang='lat' dir='ltr'>tempore</span> <span class='ocrx_word' id='word_1_198' title='bbox 358 2347 531 2431; x_wconf 83' lang='lat' dir='ltr'>supervenit</span> <span class='ocrx_word' id='word_1_199' title='bbox 545 2348 686 2413; x_wconf 84' lang='lat' dir='ltr'>lllooatus</span> <span class='ocrx_word' id='word_1_200' title='bbox 698 2373 737 2413; x_wconf 81' lang='lat' dir='ltr'>esc</span> <span class='ocrx_word' id='word_1_201' title='bbox 751 2348 875 2436; x_wconf 81' lang='lat' dir='ltr'>Africa,</span> <span class='ocrx_word' id='word_1_202' title='bbox 889 2360 921 2412; x_wconf 89' lang='lat' dir='ltr'>et</span> <span class='ocrx_word' id='word_1_203' title='bbox 934 2348 1092 2433; x_wconf 81' lang='lat' dir='ltr'>sepa-ravit</span> <span class='ocrx_word' id='word_1_204' title='bbox 1106 2349 1174 2412; x_wconf 92' lang='lat' dir='ltr'>No-</span> <span class='ocrx_word' id='word_1_205' title='bbox 1231 2362 1234 2369; x_wconf 81' lang='grc'>’</span> 
     </span>
     <span class='ocr_line' id='line_1_25' title="bbox 145 2431 1174 2520; baseline 0.003 -25"><span class='ocrx_word' id='word_1_206' title='bbox 145 2431 305 2496; x_wconf 84' lang='lat' dir='ltr'>vatianum</span> <span class='ocrx_word' id='word_1_207' title='bbox 319 2442 349 2497; x_wconf 86' lang='lat' dir='ltr'>et</span> <span class='ocrx_word' id='word_1_208' title='bbox 364 2431 510 2517; x_wconf 84' lang='lat' dir='ltr'>quosdam</span> <span class='ocrx_word' id='word_1_209' title='bbox 524 2433 718 2518; x_wconf 72' lang='lat' dir='ltr'>corffessores,</span> <span class='ocrx_word' id='word_1_210' title='bbox 730 2445 894 2520; x_wconf 83' lang='lat' dir='ltr'>postquam</span> <span class='ocrx_word' id='word_1_211' title='bbox 909 2434 1038 2520; x_wconf 78' lang='lat' dir='ltr'>Moyses</span> <span class='ocrx_word' id='word_1_212' title='bbox 1052 2433 1085 2497; x_wconf 85' lang='lat' dir='ltr'>iu</span> <span class='ocrx_word' id='word_1_213' title='bbox 1105 2454 1174 2498; x_wconf 86' lang='lat' dir='ltr'>car·</span> 
     </span>
     <span class='ocr_line' id='line_1_26' title="bbox 146 2515 1175 2604; baseline 0.001 -23"><span class='ocrx_word' id='word_1_214' title='bbox 146 2539 210 2581; x_wconf 86' lang='lat' dir='ltr'>cere</span> <span class='ocrx_word' id='word_1_215' title='bbox 224 2515 385 2600; x_wconf 70' lang='lat' dir='ltr'>defunctam·</span> <span class='ocrx_word' id='word_1_216' title='bbox 399 2528 456 2594; x_wconf 89' lang='lat' dir='ltr'>est,</span> <span class='ocrx_word' id='word_1_217' title='bbox 471 2517 603 2604; x_wconf 84' lang='lat' dir='ltr'>quisuit</span> <span class='ocrx_word' id='word_1_218' title='bbox 619 2517 662 2582; x_wconf 85' lang='lat' dir='ltr'>ihi</span> <span class='ocrx_word' id='word_1_219' title='bbox 674 2541 788 2582; x_wconf 84' lang='lat' dir='ltr'>menses</span> <span class='ocrx_word' id='word_1_220' title='bbox 803 2540 857 2582; x_wconf 84' lang='grc'><strong>111.</strong></span> <span class='ocrx_word' id='word_1_221' title='bbox 873 2519 938 2582; x_wconf 87' lang='lat' dir='ltr'>dies</span> <span class='ocrx_word' id='word_1_222' title='bbox 953 2538 1007 2582; x_wconf 86' lang='grc'><strong>111.</strong></span> <span class='ocrx_word' id='word_1_223' title='bbox 1039 2517 1104 2582; x_wconf 73' lang='lat' dir='ltr'>sed</span> <span class='ocrx_word' id='word_1_224' title='bbox 1119 2539 1175 2582; x_wconf 88' lang='lat' dir='ltr'>ca-</span> 
     </span>
     <span class='ocr_line' id='line_1_27' title="bbox 144 2600 1175 2689; baseline 0.002 -24"><span class='ocrx_word' id='word_1_225' title='bbox 144 2600 289 2687; x_wconf 86' lang='lat' dir='ltr'>talogum</span> <span class='ocrx_word' id='word_1_226' title='bbox 310 2602 375 2665; x_wconf 91' lang='lat' dir='ltr'>illic</span> <span class='ocrx_word' id='word_1_227' title='bbox 391 2615 574 2667; x_wconf 87' lang='lat' dir='ltr'>accuratum</span> <span class='ocrx_word' id='word_1_228' title='bbox 591 2625 654 2666; x_wconf 89' lang='lat' dir='ltr'>non</span> <span class='ocrx_word' id='word_1_229' title='bbox 669 2626 737 2667; x_wconf 88' lang='lat' dir='ltr'>esse</span> <span class='ocrx_word' id='word_1_230' title='bbox 752 2605 798 2667; x_wconf 89' lang='lat' dir='ltr'>vel</span> <span class='ocrx_word' id='word_1_231' title='bbox 814 2604 889 2667; x_wconf 91' lang='lat' dir='ltr'>hinc</span> <span class='ocrx_word' id='word_1_232' title='bbox 904 2604 1069 2689; x_wconf 88' lang='lat' dir='ltr'>probatur,</span> <span class='ocrx_word' id='word_1_233' title='bbox 1082 2602 1175 2689; x_wconf 88' lang='lat' dir='ltr'>quod</span> 
     </span>
     <span class='ocr_line' id='line_1_28' title="bbox 143 2687 1175 2774; baseline 0.001 -23"><span class='ocrx_word' id='word_1_234' title='bbox 143 2687 314 2751; x_wconf 89' lang='lat' dir='ltr'>Novatiani</span> <span class='ocrx_word' id='word_1_235' title='bbox 336 2687 473 2751; x_wconf 86' lang='lat' dir='ltr'>schisma</span> <span class='ocrx_word' id='word_1_236' title='bbox 495 2689 539 2751; x_wconf 91' lang='lat' dir='ltr'>sic</span> <span class='ocrx_word' id='word_1_237' title='bbox 561 2701 665 2751; x_wconf 91' lang='lat' dir='ltr'>narrat</span> <span class='ocrx_word' id='word_1_238' title='bbox 686 2703 723 2753; x_wconf 90' lang='lat' dir='ltr'>ut</span> <span class='ocrx_word' id='word_1_239' title='bbox 744 2689 856 2774; x_wconf 92' lang='lat' dir='ltr'>Moysi</span> <span class='ocrx_word' id='word_1_240' title='bbox 877 2701 981 2751; x_wconf 88' lang='lat' dir='ltr'>morte</span> <span class='ocrx_word' id='word_1_241' title='bbox 1002 2688 1175 2772; x_wconf 84' lang='lat' dir='ltr'>posterius,</span> 
     </span>
     <span class='ocr_line' id='line_1_29' title="bbox 143 2772 1174 2857; baseline 0.001 -23"><span class='ocrx_word' id='word_1_242' title='bbox 143 2773 219 2835; x_wconf 81' lang='lat' dir='ltr'>crim</span> <span class='ocrx_word' id='word_1_243' title='bbox 240 2775 277 2835; x_wconf 78' lang='lat' dir='ltr'>es</span> <span class='ocrx_word' id='word_1_244' title='bbox 295 2772 433 2836; x_wconf 87' lang='lat' dir='ltr'>anterius</span> <span class='ocrx_word' id='word_1_245' title='bbox 452 2772 550 2836; x_wconf 84' lang='lat' dir='ltr'>fuisse</span> <span class='ocrx_word' id='word_1_246' title='bbox 571 2772 674 2857; x_wconf 75' lang='lat' dir='ltr'>palam</span> <span class='ocrx_word' id='word_1_247' title='bbox 694 2772 747 2837; x_wconf 87' lang='lat' dir='ltr'>hic</span> <span class='ocrx_word' id='word_1_248' title='bbox 763 2772 931 2837; x_wconf 89' lang='lat' dir='ltr'>Cornelius</span> <span class='ocrx_word' id='word_1_249' title='bbox 949 2786 1094 2837; x_wconf 87' lang='lat' dir='ltr'>testetur.</span> <span class='ocrx_word' id='word_1_250' title='bbox 1139 2772 1174 2836; x_wconf 90' lang='lat' dir='ltr'>Si</span> 
     </span>
     <span class='ocr_line' id='line_1_30' title="bbox 144 2854 1173 2943; baseline 0.004 -26"><span class='ocrx_word' id='word_1_251' title='bbox 144 2858 215 2920; x_wconf 80' lang='lat' dir='ltr'>verb</span> <span class='ocrx_word' id='word_1_252' title='bbox 231 2854 427 2943; x_wconf 88' lang='lat' dir='ltr'>Cyprianum</span> <span class='ocrx_word' id='word_1_253' title='bbox 449 2855 665 2934; x_wconf 83' lang='lat' dir='ltr'>consulamus,</span> <span class='ocrx_word' id='word_1_254' title='bbox 681 2858 722 2922; x_wconf 90' lang='lat' dir='ltr'>ad</span> <span class='ocrx_word' id='word_1_255' title='bbox 740 2858 951 2921; x_wconf 87' lang='lat' dir='ltr'>imitationem</span> <span class='ocrx_word' id='word_1_256' title='bbox 971 2857 1117 2922; x_wconf 88' lang='lat' dir='ltr'>Cornelii</span> <span class='ocrx_word' id='word_1_257' title='bbox 1131 2856 1173 2921; x_wconf 92' lang='lat' dir='ltr'>ti-</span> 
     </span>
     <span class='ocr_line' id='line_1_31' title="bbox 52 2941 1175 3028; baseline 0.001 -24"><span class='ocrx_word' id='word_1_258' title='bbox 52 2978 55 2983; x_wconf 95' lang='lat'>·</span> <span class='ocrx_word' id='word_1_259' title='bbox 142 2941 240 3018; x_wconf 89' lang='lat' dir='ltr'>tulos,</span> <span class='ocrx_word' id='word_1_260' title='bbox 263 2942 377 3027; x_wconf 86' lang='lat' dir='ltr'>quibus</span> <span class='ocrx_word' id='word_1_261' title='bbox 404 2943 544 3028; x_wconf 88' lang='lat' dir='ltr'>Moysen</span> <span class='ocrx_word' id='word_1_262' title='bbox 570 2955 711 3021; x_wconf 88' lang='lat' dir='ltr'>exornat,</span> <span class='ocrx_word' id='word_1_263' title='bbox 738 2964 795 3027; x_wconf 91' lang='lat' dir='ltr'>pro</span> <span class='ocrx_word' id='word_1_264' title='bbox 819 2942 947 3006; x_wconf 87' lang='lat' dir='ltr'>diversis</span> <span class='ocrx_word' id='word_1_265' title='bbox 972 2942 1175 3028; x_wconf 82' lang='lat' dir='ltr'>temporibus</span> 
     </span>
     <span class='ocr_line' id='line_1_32' title="bbox 142 3026 1173 3111; baseline 0.002 -22"><span class='ocrx_word' id='word_1_266' title='bbox 142 3039 257 3090; x_wconf 88' lang='lat' dir='ltr'>mutat.</span> <span class='ocrx_word' id='word_1_267' title='bbox 285 3027 372 3090; x_wconf 88' lang='lat' dir='ltr'>Nam</span> <span class='ocrx_word' id='word_1_268' title='bbox 387 3026 420 3088; x_wconf 91' lang='lat' dir='ltr'>in</span> <span class='ocrx_word' id='word_1_269' title='bbox 436 3027 578 3110; x_wconf 90' lang='lat' dir='ltr'>Epistola</span> <span class='ocrx_word' id='word_1_270' title='bbox 593 3041 638 3091; x_wconf 89' lang='grc'>10.</span> <span class='ocrx_word' id='word_1_271' title='bbox 653 3027 796 3111; x_wconf 86' lang='lat' dir='ltr'>sequenti</span> <span class='ocrx_word' id='word_1_272' title='bbox 811 3049 842 3089; x_wconf 91' lang='lat' dir='ltr'>n.</span> <span class='ocrx_word' id='word_1_273' title='bbox 852 3041 883 3089; x_wconf 82' lang='lat'>5.</span> <span class='ocrx_word' id='word_1_274' title='bbox 898 3026 1069 3111; x_wconf 86' lang='lat' dir='ltr'>respiciens</span> <span class='ocrx_word' id='word_1_275' title='bbox 1082 3026 1125 3091; x_wconf 83' lang='lat' dir='ltr'>ad</span> <span class='ocrx_word' id='word_1_276' title='bbox 1140 3026 1173 3091; x_wconf 91' lang='lat' dir='ltr'>id</span> 
     </span>
     <span class='ocr_line' id='line_1_33' title="bbox 142 3110 1174 3209; baseline -0.001 -33"><span class='ocrx_word' id='word_1_277' title='bbox 142 3125 280 3196; x_wconf 89' lang='lat' dir='ltr'>tempus,</span> <span class='ocrx_word' id='word_1_278' title='bbox 295 3133 360 3209; x_wconf 80' lang='lat' dir='ltr'>quo</span> <span class='ocrx_word' id='word_1_279' title='bbox 378 3112 513 3196; x_wconf 87' lang='lat' dir='ltr'>Moyses</span> <span class='ocrx_word' id='word_1_280' title='bbox 533 3110 651 3174; x_wconf 91' lang='lat' dir='ltr'>celebri</span> <span class='ocrx_word' id='word_1_281' title='bbox 672 3111 843 3175; x_wconf 89' lang='lat' dir='ltr'>Novatiani</span> <span class='ocrx_word' id='word_1_282' title='bbox 861 3111 1014 3195; x_wconf 86' lang='lat' dir='ltr'>Epistolae</span> <span class='ocrx_word' id='word_1_283' title='bbox 1028 3111 1070 3174; x_wconf 85' lang='lat' dir='ltr'>de</span> <span class='ocrx_word' id='word_1_284' title='bbox 1085 3113 1174 3196; x_wconf 88' lang='lat' dir='ltr'>Lap-</span> 
     </span>
     <span class='ocr_line' id='line_1_34' title="bbox 141 3194 1174 3282; baseline 0 -22"><span class='ocrx_word' id='word_1_285' title='bbox 141 3197 184 3260; x_wconf 89' lang='lat' dir='ltr'>sis</span> <span class='ocrx_word' id='word_1_286' title='bbox 199 3196 396 3282; x_wconf 79' lang='lat' dir='ltr'>subscripsit,</span> <span class='ocrx_word' id='word_1_287' title='bbox 411 3195 503 3259; x_wconf 88' lang='lat' dir='ltr'>illum</span> <span class='ocrx_word' id='word_1_288' title='bbox 519 3207 591 3259; x_wconf 83' lang='lat' dir='ltr'>tunc</span> <span class='ocrx_word' id='word_1_289' title='bbox 603 3195 709 3261; x_wconf 76' lang='lat' dir='ltr'>adhuc</span> <span class='ocrx_word' id='word_1_290' title='bbox 727 3194 936 3280; x_wconf 86' lang='lat' dir='ltr'>confessorem,</span> <span class='ocrx_word' id='word_1_291' title='bbox 951 3217 1010 3280; x_wconf 91' lang='lat' dir='ltr'>pro</span> <span class='ocrx_word' id='word_1_292' title='bbox 1024 3208 1174 3280; x_wconf 76' lang='lat' dir='ltr'>tempore</span> 
     </span>
     <span class='ocr_line' id='line_1_35' title="bbox 141 3280 1174 3368; baseline -0.002 -22"><span class='ocrx_word' id='word_1_293' title='bbox 141 3296 262 3360; x_wconf 90' lang='lat' dir='ltr'>autem,</span> <span class='ocrx_word' id='word_1_294' title='bbox 277 3303 342 3368; x_wconf 92' lang='lat' dir='ltr'>quo</span> <span class='ocrx_word' id='word_1_295' title='bbox 357 3282 424 3366; x_wconf 88' lang='lat' dir='ltr'>ipse</span> <span class='ocrx_word' id='word_1_296' title='bbox 438 3280 479 3343; x_wconf 89' lang='lat' dir='ltr'>ad</span> <span class='ocrx_word' id='word_1_297' title='bbox 491 3280 710 3344; x_wconf 87' lang='lat' dir='ltr'>Antonianum</span> <span class='ocrx_word' id='word_1_298' title='bbox 726 3281 894 3357; x_wconf 87' lang='lat' dir='ltr'>scribebat,</span> <span class='ocrx_word' id='word_1_299' title='bbox 910 3301 991 3343; x_wconf 83' lang='lat' dir='ltr'>nuuc</span> <span class='ocrx_word' id='word_1_300' title='bbox 996 3281 1071 3363; x_wconf 81' lang='lat' dir='ltr'>jam</span> <span class='ocrx_word' id='word_1_301' title='bbox 1085 3300 1174 3344; x_wconf 84' lang='lat' dir='ltr'>mar·</span> 
     </span>
     <span class='ocr_line' id='line_1_36' title="bbox 143 3363 1172 3454; baseline -0.001 -25"><span class='ocrx_word' id='word_1_302' title='bbox 143 3378 242 3454; x_wconf 77' lang='lat' dir='ltr'>tyrem</span> <span class='ocrx_word' id='word_1_303' title='bbox 262 3365 411 3450; x_wconf 90' lang='lat' dir='ltr'>appellat.</span> <span class='ocrx_word' id='word_1_304' title='bbox 454 3366 574 3429; x_wconf 88' lang='lat' dir='ltr'>Verum</span> <span class='ocrx_word' id='word_1_305' title='bbox 599 3386 700 3450; x_wconf 93' lang='lat' dir='ltr'>neque</span> <span class='ocrx_word' id='word_1_306' title='bbox 720 3364 795 3428; x_wconf 91' lang='lat' dir='ltr'>inde</span> <span class='ocrx_word' id='word_1_307' title='bbox 816 3363 990 3451; x_wconf 86' lang='lat' dir='ltr'>quidquam</span> <span class='ocrx_word' id='word_1_308' title='bbox 1012 3365 1093 3428; x_wconf 87' lang='lat' dir='ltr'>certi</span> <span class='ocrx_word' id='word_1_309' title='bbox 1113 3365 1172 3428; x_wconf 89' lang='lat' dir='ltr'>ad·</span> 
     </span>
     <span class='ocr_line' id='line_1_37' title="bbox 141 3449 1172 3535; baseline 0 -21"><span class='ocrx_word' id='word_1_310' title='bbox 141 3472 246 3515; x_wconf 91' lang='lat' dir='ltr'>versus</span> <span class='ocrx_word' id='word_1_311' title='bbox 257 3449 377 3514; x_wconf 89' lang='lat' dir='ltr'>Valesii</span> <span class='ocrx_word' id='word_1_312' title='bbox 390 3449 577 3513; x_wconf 87' lang='lat' dir='ltr'>sententiam</span> <span class='ocrx_word' id='word_1_313' title='bbox 589 3449 770 3513; x_wconf 85' lang='lat' dir='ltr'>conficitur:</span> <span class='ocrx_word' id='word_1_314' title='bbox 787 3471 861 3512; x_wconf 92' lang='lat' dir='ltr'>cum</span> <span class='ocrx_word' id='word_1_315' title='bbox 874 3449 1054 3535; x_wconf 88' lang='lat' dir='ltr'>Cyprianus</span> <span class='ocrx_word' id='word_1_316' title='bbox 1070 3450 1172 3514; x_wconf 88' lang='lat' dir='ltr'>etiam</span> 
     </span>
     <span class='ocr_line' id='line_1_38' title="bbox 141 3533 1172 3620; baseline -0.001 -20"><span class='ocrx_word' id='word_1_317' title='bbox 141 3557 207 3611; x_wconf 90' lang='lat' dir='ltr'>eos,</span> <span class='ocrx_word' id='word_1_318' title='bbox 231 3535 286 3620; x_wconf 90' lang='lat' dir='ltr'>qui</span> <span class='ocrx_word' id='word_1_319' title='bbox 308 3533 368 3599; x_wconf 88' lang='lat' dir='ltr'>etsi</span> <span class='ocrx_word' id='word_1_320' title='bbox 390 3555 452 3595; x_wconf 95' lang='lat' dir='ltr'>non</span> <span class='ocrx_word' id='word_1_321' title='bbox 475 3533 563 3611; x_wconf 89' lang='lat' dir='ltr'>torti,</span> <span class='ocrx_word' id='word_1_322' title='bbox 588 3534 622 3598; x_wconf 91' lang='lat' dir='ltr'>in</span> <span class='ocrx_word' id='word_1_323' title='bbox 647 3555 772 3598; x_wconf 89' lang='lat' dir='ltr'>carcere</span> <span class='ocrx_word' id='word_1_324' title='bbox 794 3550 900 3598; x_wconf 89' lang='lat' dir='ltr'>tamen</span> <span class='ocrx_word' id='word_1_325' title='bbox 922 3534 1017 3597; x_wconf 88' lang='lat' dir='ltr'>vitam</span> <span class='ocrx_word' id='word_1_326' title='bbox 1044 3533 1172 3614; x_wconf 85' lang='lat' dir='ltr'>finiunt,</span> 
     </span>
     <span class='ocr_line' id='line_1_39' title="bbox 141 3616 1172 3704; baseline -0.001 -20"><span class='ocrx_word' id='word_1_327' title='bbox 141 3632 295 3704; x_wconf 89' lang='lat' dir='ltr'>martyres</span> <span class='ocrx_word' id='word_1_328' title='bbox 316 3616 480 3681; x_wconf 90' lang='lat' dir='ltr'>habendos</span> <span class='ocrx_word' id='word_1_329' title='bbox 500 3632 639 3682; x_wconf 88' lang='lat' dir='ltr'>censeat.</span> <span class='ocrx_word' id='word_1_330' title='bbox 682 3619 835 3704; x_wconf 72' lang='lat' dir='ltr'>Quamvis</span> <span class='ocrx_word' id='word_1_331' title='bbox 856 3619 957 3703; x_wconf 88' lang='lat' dir='ltr'>igitur</span> <span class='ocrx_word' id='word_1_332' title='bbox 977 3618 1011 3681; x_wconf 94' lang='lat' dir='ltr'>in</span> <span class='ocrx_word' id='word_1_333' title='bbox 1034 3617 1068 3681; x_wconf 91' lang='lat' dir='ltr'>id</span> <span class='ocrx_word' id='word_1_334' title='bbox 1093 3640 1172 3704; x_wconf 90' lang='lat' dir='ltr'>pro-</span> 
     </span>
     <span class='ocr_line' id='line_1_40' title="bbox 141 3699 1173 3790; baseline 0.001 -23"><span class='ocrx_word' id='word_1_335' title='bbox 141 3703 294 3790; x_wconf 88' lang='lat' dir='ltr'>pendeam</span> <span class='ocrx_word' id='word_1_336' title='bbox 310 3702 430 3779; x_wconf 89' lang='lat' dir='ltr'>animo,</span> <span class='ocrx_word' id='word_1_337' title='bbox 444 3717 480 3765; x_wconf 91' lang='lat' dir='ltr'>ut</span> <span class='ocrx_word' id='word_1_338' title='bbox 496 3703 553 3787; x_wconf 92' lang='lat' dir='ltr'>qui</span> <span class='ocrx_word' id='word_1_339' title='bbox 571 3703 614 3767; x_wconf 93' lang='lat' dir='ltr'>ob</span> <span class='ocrx_word' id='word_1_340' title='bbox 634 3703 792 3789; x_wconf 85' lang='lat' dir='ltr'>egregium</span> <span class='ocrx_word' id='word_1_341' title='bbox 807 3715 835 3766; x_wconf 89' lang='lat' dir='ltr'>et</span> <span class='ocrx_word' id='word_1_342' title='bbox 851 3699 1036 3767; x_wconf 81' lang='lat' dir='ltr'>admirabile</span> <span class='ocrx_word' id='word_1_343' title='bbox 1043 3714 1173 3790; x_wconf 59' lang='lat' dir='ltr'>anorm-</span> 
     </span>
     <span class='ocr_line' id='line_1_41' title="bbox 141 3785 1171 3872; baseline 0 -19"><span class='ocrx_word' id='word_1_344' title='bbox 141 3788 222 3853; x_wconf 85' lang='lat' dir='ltr'>rium</span> <span class='ocrx_word' id='word_1_345' title='bbox 235 3785 488 3864; x_wconf 88' lang='lat' dir='ltr'>commendatur,</span> <span class='ocrx_word' id='word_1_346' title='bbox 503 3809 578 3851; x_wconf 89' lang='lat' dir='ltr'>eum</span> <span class='ocrx_word' id='word_1_347' title='bbox 599 3787 630 3851; x_wconf 92' lang='lat' dir='ltr'>in</span> <span class='ocrx_word' id='word_1_348' title='bbox 650 3787 778 3851; x_wconf 88' lang='lat' dir='ltr'>diversis</span> <span class='ocrx_word' id='word_1_349' title='bbox 793 3800 1026 3851; x_wconf 90' lang='lat' dir='ltr'>tormentorum</span> <span class='ocrx_word' id='word_1_350' title='bbox 1041 3789 1171 3872; x_wconf 84' lang='lat' dir='ltr'>generi·</span> 
     </span>
     <span class='ocr_line' id='line_1_42' title="bbox 140 3870 1178 3957; baseline 0 -20"><span class='ocrx_word' id='word_1_351' title='bbox 140 3875 201 3938; x_wconf 89' lang='lat' dir='ltr'>bus</span> <span class='ocrx_word' id='word_1_352' title='bbox 224 3884 405 3936; x_wconf 86' lang='lat' dir='ltr'>constanter</span> <span class='ocrx_word' id='word_1_353' title='bbox 427 3872 621 3957; x_wconf 83' lang='lat' dir='ltr'>perferendis</span> <span class='ocrx_word' id='word_1_354' title='bbox 645 3871 821 3936; x_wconf 89' lang='lat' dir='ltr'>mirabilem</span> <span class='ocrx_word' id='word_1_355' title='bbox 844 3894 878 3934; x_wconf 91' lang='lat' dir='ltr'>se</span> <span class='ocrx_word' id='word_1_356' title='bbox 898 3870 1078 3935; x_wconf 83' lang='lat' dir='ltr'>exhibuisse</span> <span class='ocrx_word' id='word_1_357' title='bbox 1100 3893 1178 3937; x_wconf 85' lang='lat' dir='ltr'>cre·-</span> 
     </span>
     <span class='ocr_line' id='line_1_43' title="bbox 140 3956 1171 4043; baseline 0 -22"><span class='ocrx_word' id='word_1_358' title='bbox 140 3958 235 4039; x_wconf 84' lang='lat' dir='ltr'>dam:</span> <span class='ocrx_word' id='word_1_359' title='bbox 251 3968 380 4041; x_wconf 89' lang='lat' dir='ltr'>propter</span> <span class='ocrx_word' id='word_1_360' title='bbox 393 3956 633 4020; x_wconf 89' lang='lat' dir='ltr'>diuturnitatem</span> <span class='ocrx_word' id='word_1_361' title='bbox 648 3968 754 4019; x_wconf 78' lang='lat' dir='ltr'>tanten</span> <span class='ocrx_word' id='word_1_362' title='bbox 769 3956 929 4020; x_wconf 86' lang='lat' dir='ltr'>durissimi</span> <span class='ocrx_word' id='word_1_363' title='bbox 942 3957 1088 4034; x_wconf 86' lang='lat' dir='ltr'>carceris,</span> <span class='ocrx_word' id='word_1_364' title='bbox 1103 3978 1171 4043; x_wconf 91' lang='lat' dir='ltr'>quo</span> 
     </span>
     <span class='ocr_line' id='line_1_44' title="bbox 141 4040 1184 4126; baseline -0.001 -20"><span class='ocrx_word' id='word_1_365' title='bbox 141 4067 161 4106; x_wconf 91' lang='lat' dir='ltr'>a</span> <span class='ocrx_word' id='word_1_366' title='bbox 176 4040 295 4107; x_wconf 90' lang='lat' dir='ltr'>Christi</span> <span class='ocrx_word' id='word_1_367' title='bbox 310 4040 508 4105; x_wconf 83' lang='lat' dir='ltr'>confessione</span> <span class='ocrx_word' id='word_1_368' title='bbox 527 4041 567 4105; x_wconf 84' lang='lat' dir='ltr'>ad</span> <span class='ocrx_word' id='word_1_369' title='bbox 586 4053 721 4104; x_wconf 89' lang='lat' dir='ltr'>mortem</span> <span class='ocrx_word' id='word_1_370' title='bbox 741 4061 843 4126; x_wconf 88' lang='lat' dir='ltr'>usque</span> <span class='ocrx_word' id='word_1_371' title='bbox 864 4040 1015 4104; x_wconf 87' lang='lat' dir='ltr'>deterreri</span> <span class='ocrx_word' id='word_1_372' title='bbox 1034 4047 1184 4105; x_wconf 83' lang='lat' dir='ltr'>non&#39;va·&#39;</span> 
     </span>
     <span class='ocr_line' id='line_1_45' title="bbox 141 4124 1171 4211; baseline -0.002 -19"><span class='ocrx_word' id='word_1_373' title='bbox 141 4128 211 4206; x_wconf 91' lang='lat' dir='ltr'>luit,</span> <span class='ocrx_word' id='word_1_374' title='bbox 227 4126 393 4211; x_wconf 87' lang='lat' dir='ltr'>egregium</span> <span class='ocrx_word' id='word_1_375' title='bbox 416 4140 450 4189; x_wconf 92' lang='lat' dir='ltr'>et</span> <span class='ocrx_word' id='word_1_376' title='bbox 471 4124 739 4191; x_wconf 78' lang='lat' dir='ltr'>admirabiledici</span> <span class='ocrx_word' id='word_1_377' title='bbox 760 4125 865 4209; x_wconf 89' lang='lat' dir='ltr'>potuit</span> <span class='ocrx_word' id='word_1_378' title='bbox 880 4126 950 4209; x_wconf 89' lang='lat' dir='ltr'>ejus</span> <span class='ocrx_word' id='word_1_379' title='bbox 964 4125 1171 4210; x_wconf 84' lang='lat' dir='ltr'>martyrium.</span> 
     </span>
     <span class='ocr_line' id='line_1_46' title="bbox 141 4208 1170 4299; baseline 0 -23"><span class='ocrx_word' id='word_1_380' title='bbox 141 4214 275 4299; x_wconf 90' lang='lat' dir='ltr'>Moyses</span> <span class='ocrx_word' id='word_1_381' title='bbox 289 4223 395 4274; x_wconf 90' lang='lat' dir='ltr'>autem</span> <span class='ocrx_word' id='word_1_382' title='bbox 414 4232 489 4273; x_wconf 91' lang='lat' dir='ltr'>cum</span> <span class='ocrx_word' id='word_1_383' title='bbox 511 4220 635 4274; x_wconf 85' lang='lat' dir='ltr'>tanturn</span> <span class='ocrx_word' id='word_1_384' title='bbox 656 4222 740 4273; x_wconf 92' lang='lat' dir='ltr'>esset</span> <span class='ocrx_word' id='word_1_385' title='bbox 757 4209 933 4297; x_wconf 80' lang='lat' dir='ltr'>presbyter,</span> <span class='ocrx_word' id='word_1_386' title='bbox 946 4208 1170 4276; x_wconf 81' lang='lat' dir='ltr'>Novatisnum</span> 
     </span>
    </p>
   </div>
   <div class='ocr_carea' id='block_1_3' title="bbox 0 0 1344 4756">
    <p class='ocr_par' dir='ltr' id='par_1_3' title="bbox 0 0 1344 4756">
     <span class='ocr_line' id='line_1_47' title="bbox 0 0 1344 4756; baseline 0 4"><span class='ocrx_word' id='word_1_387' title='bbox 0 0 1344 4756; x_wconf 95' lang='lat' dir='ltr'> </span> 
     </span>
    </p>
   </div>
  </div>
 </body>
</html>
