2678 4756
237 320 301 391 ²34
557 303 592 369 S.
613 305 960 377 VICTORINUS.

236 475 460 535 commentarius
479 476 508 534 in
521 478 715 556 Apocalypsin
735 482 784 558 qui
802 480 855 540 sub
876 478 1021 538 Victorini
1040 478 1132 536 fertur
1153 481 1286 551 nominc,

237 589 387 660 oppugnat
409 580 609 657 Chiliasmum,
632 603 717 661 quem
739 585 926 644 aVictorino
942 591 1158 663 propugnatum
1179 584 1287 642 diserte

237 683 434 762 Hieronymus
449 704 536 764 supra
549 706 613 765 cap.
629 688 675 747 18.
689 698 822 748 testatur.
854 688 933 748 Fieri
945 697 1043 747 tamen
1057 697 1157 767 potest
1171 698 1204 746 ut
1216 707 1288 768 par-

237 789 291 847 tim
312 789 456 847 Victorini
477 791 525 858 sit,
539 793 645 869 partim
666 792 794 863 ulterius,
812 812 915 872 nempe
936 792 1166 872 interpolatoris,
1184 791 1287 871 judice

236 892 372 972 Latinojo
386 913 416 973 p.
426 895 477 952 50.
495 896 544 972 qui
563 904 648 953 notat
662 895 730 975 jure
749 897 853 955 merito
872 897 959 955 etiam
978 897 1106 955 dubitari
1123 916 1196 955 num
1209 896 1285 954 Hie·

237 1016 391 1075 ronymum
409 1007 557 1058 auctorem
573 999 681 1059 babeat
697 1021 760 1078 que
776 1002 993 1060 Commentario
1011 1000 1054 1058 illi
1074 1001 1237 1080 prefigitur
1248 1003 1285 1059 ad

237 1102 407 1161 Anatolium
420 1103 571 1167 Profatio.
591 1103 775 1164 annrcrus.
800 1103 849 1163 Dc
860 1105 919 1163 boc
933 1106 1099 1165 Comment.
1111 1105 1171 1163 vid.
1185 1105 1272 1164 infra.

277 1216 289 1244 ⁶
309 1207 377 1265 Hoc
401 1227 473 1286 opus
500 1209 615 1287 respicit
639 1210 670 1268 S.
690 1209 818 1289 Optatus
842 1210 1026 1268 Victorinum
1048 1209 1171 1268 laudans
1192 1208 1246 1268 lib.
1265 1211 1284 1268 i.

236 1310 375 1380 Morciob,
391 1314 523 1381 Praxeas,
538 1314 684 1381 Satellius,
701 1315 861 1372 Valentinus
873 1319 901 1372 et
913 1317 1004 1372 caeteri
1017 1314 1183 1391 temporibus
1199 1316 1256 1372 sais
1267 1333 1286 1370 c

240 1417 378 1475 Victorino
396 1419 595 1486 Petooioneaai,
618 1439 638 1476 o
660 1420 815 1495 Zepbyrbro
840 1420 948 1487 Urbico,
973 1419 1016 1494 (h.
1030 1437 1057 1477 e.
1077 1417 1159 1476 urbis
1181 1410 1285 1477 Rome

187 1541 193 1553 =
237 1520 387 1600 episcopo)
402 1528 429 1577 ct
451 1522 621 1577 Tertulliano
640 1522 861 1594 Carthaginiensi
881 1541 964 1601 usque
982 1524 1021 1579 od
1039 1522 1243 1597 cataphrygas,
1259 1530 1286 1580 ct

237 1624 272 1683 ob
284 1626 347 1682 otiis
361 1625 537 1682 assertoribus
549 1624 667 1682 ecclesio
679 1625 820 1682 catholico
831 1629 954 1701 superati
965 1632 1036 1701 saut.
1057 1624 1246 1685 Fannrorus.

276 1724 292 1766 ‘³
311 1727 392 1804 Ergo
405 1729 442 1786 A.
454 1729 524 1788 392.
540 1746 606 1786 cnm
620 1727 684 1786 bec
698 1730 727 1787 S.
742 1728 938 1807 Hieronymus
953 1728 1101 1799 scriberet,
1116 1730 1283 1789 Victorinus

237 1833 406 1910 martyrium
422 1831 487 1910 jam
508 1832 645 1891 subierat.
665 1832 849 1893 Fassrorus.
892 1835 966 1892 Cum
979 1854 1049 1893 vero
1062 1843 1133 1915 ante
1145 1824 1283 1916 Pamphi·

237 1935 309 2004 lum,
329 1937 378 2014 qui
400 1937 538 2013 martyrio
556 1937 586 1993 iu
607 1939 760 1996 amatione
780 1938 993 1998 Maximinianis
1013 1936 1202 2007 obiit,'bnnc
1223 1934 1282 1999 col-

237 2040 377 2104 locaverit
397 2041 605 2123 Hieronymus,
626 2042 675 2100 vix
696 2042 825 2111 dubium,
847 2044 918 2120 quin
938 2051 1007 2103 ante
1027 2042 1218 2103 Constantini
1236 2062 1280 2103 so·

238 2143 299 2205 ium
312 2146 464 2224 imperium
477 2127 586 2223 martyr
595 2146 689 2203 factus
703 2156 778 2203 esset
790 2147 968 2207 Victorinus.
1001 2146 1138 2205 Eundem
1151 2147 1229 2207 inter
1238 2165 1279 2207 oo·

239 2251 347 2308 lemnos
357 2251 472 2308 ecclesie
481 2261 688 2309 commemorat
697 2252 774 2310 idem
784 2253 908 2332 scriptor
921 2250 1006 2311 initio
1019 2252 1087 2312 libri
1100 2254 1122 2312 i.
1143 2226 1180 2312 ti·
1190 2253 1278 2332 Rrfirc

238 2373 268 2434 p.
283 2357 349 2416 199.
364 2357 409 2415 ed.
420 2355 546 2416 Froben.
562 2356 611 2415 ubi
625 2358 715 2426 addit,
730 2366 879 2434 osortyrem
892 2359 1063 2418 Victorinum
1078 2360 1279 2437 simpliciam

225 2478 316 2529 ,auom
329 2464 359 2518 in
372 2480 404 2521 eo
416 2462 542 2538 probare,
557 2465 624 2522 dum
636 2465 709 2522 auiti
720 2466 834 2523 motitur
846 2466 970 2525 insidior.
1087 2505 1090 2509 ‚
