2678 4756
237 276 292 353 m
310 274 525 345 cruorem
543 273 783 346 suoram.
803 276 860 343 ar
876 273 1083 345 Neocms.
1113 275 1178 367 489

145 451 187 520 slis
199 452 270 512 eard
280 452 370 514 πίπους
384 448 500 526 rie'rqurr
514 457 546 510 τέ
560 458 614 511 Θιέ
626 457 725 510 variis
754 450 796 508 Et
809 452 921 528 quidem
937 448 1003 510 loca
1017 450 1075 508 Del
1089 449 1181 517 cultui

144 546 178 593 et
193 535 280 592 sacris
297 536 437 610 mysteriis
451 533 625 591 celebrandis
640 533 779 599 dedicata,
794 553 812 589 a
825 551 935 590 summa
948 532 1119 608 antiquitate
1133 558 1179 590 κν-

142 614 231 696 grand,
251 615 310 671 sive
328 617 476 672 Dominica
496 615 644 672 nominata
663 610 762 681 fuisse,
782 632 819 671 ex
839 613 880 672 D.
899 614 1044 692 Cyprianc
1069 612 1181 687 colligi-

144 715 221 764 mus,
243 696 366 762 dicente,
388 698 426 754 Et
446 698 624 752 Dominicum
644 697 775 753 celebrare
796 702 822 751 te
841 697 937 762 medis,
957 713 1018 770 qnoe
1040 695 1201 751 corbonam

146 780 256 836 omuino
267 780 377 852 respicis
386 803 397 835 .·
417 795 476 853 quae
488 780 517 834 in
530 778 707 834 Dominimm
720 780 776 833 sine
788 778 919 852 romaicis
938 778 1021 834 uenis.
1048 775 1183 853 Cypriam
1227 799 1233 819 τ

146 859 186 916 de
198 877 284 936 opere
297 868 327 914 et
340 857 495 935 elemosyn.
509 858 557 914 ubi
571 877 628 915 vox
642 858 817 915 dominicum
831 858 861 913 in
874 859 962 935 priori
973 856 1039 914 loco
1053 856 1184 914 Domini·
1203 930 1206 937 Ι

153 959 217 997 mm
234 958 344 1006 comam,
362 940 392 996 in
411 940 574 1016 posteriori,
589 940 767 996 Dominicom
786 941 896 996 domum
915 946 1013 1015 aperte
1034 936 1187 1012 significat.

154 1021 229 1083 Qua
242 1022 328 1077 etiam
342 1022 372 1076 in
386 1022 476 1077 veteri
488 1020 675 1076 Testameuto
689 1031 752 1082 nint
765 1028 822 1081 m
834 1022 942 1076 Domus
952 1020 1069 1076 Domini
1081 1018 1188 1094 passim

152 1100 324 1180 appellatur.
351 1102 379 1157 A
392 1101 506 1158 Latinis
521 1101 657 1158 Germani
670 1100 818 1158 basilicam
829 1102 956 1176 quamvis
972 1108 1021 1157 aut
1035 1098 1185 1156 cathedra-

147 1181 206 1239 lem
221 1182 369 1239 ecolesiam
382 1184 460 1241 Dom
473 1192 588 1248 vocant,
605 1192 634 1238 et
647 1183 801 1239 canonicos
816 1200 913 1238 earum
925 1181 1106 1239 Domberren.
1145 1178 1186 1236 Et

149 1263 263 1339 quidem
278 1264 386 1342 ungrani·
399 1263 485 1320 talem
500 1262 647 1320 ecclesiam
662 1264 776 1340 proprie
788 1242 926 1319 denotari
944 1261 1055 1318 videtur
1074 1261 1188 1318 decimo

151 1345 239 1400 tertio
254 1344 361 1420 Synodi
374 1344 615 1401 Neocaesariensis
637 1364 759 1410 canone,
773 1363 830 1419 quo
845 1353 959 1400 cautum
974 1354 1028 1408 est,
1041 1361 1079 1399 ne
1092 1341 1188 1399 vicani

151 1423 311 1502 presbyteri
323 1419 363 1480 ’Er
376 1426 408 1502 τῷ
421 1425 522 1502 κυριακᾷ
535 1430 578 1488 τῆς
591 1425 684 1487 witam
696 1425 828 1491 offerant,
842 1425 866 1480 si
881 1426 1029 1501 episcopus
1044 1433 1094 1480 aut
1107 1441 1189 1500 pres·

150 1505 246 1582 hyteri
260 1505 383 1566 civitatis
397 1506 500 1562 adsint.
542 1505 627 1562 Hanc
651 1505 751 1562 saltem
770 1525 870 1562 vocem
889 1514 921 1561 ut
942 1507 1080 1562 eeclesiam
1093 1505 1124 1561 in
1138 1522 1188 1580 ge·

150 1604 221 1643 nere
234 1585 441 1662 significantem
457 1586 505 1642 alii
519 1586 655 1643 Germani
669 1607 687 1643 a
700 1587 807 1644 Grecis
826 1587 950 1644 mutuati
964 1598 1041 1653 suut,
1057 1596 1090 1641 ut
1103 1585 1188 1642 docet

150 1665 328 1733 walafridus
351 1667 455 1724 Strabo
476 1667 510 1723 de
529 1666 603 1726 Reb.
624 1667 736 1725 Eccles.
758 1687 810 1745 cap
836 1667 865 1728 7.
901 1667 948 1724 Sic
969 1669 1055 1724 etiam
1077 1666 1189 1742 antiqui

153 1746 285 1819 Saxones
304 1747 451 1813 ecclesiam
470 1747 628 1823 quamlibet
649 1749 738 1826 Cyprc
759 1750 849 1823 Kyrilc
868 1757 1017 1806 vocarunt.
1059 1747 1144 1804 Unda
1157 1749 1189 1804 in

153 1827 253 1885 Scotia
273 1838 302 1885 et
320 1828 596 1905 Septentrionalibu's
611 1829 724 1903 Angliae
739 1828 866 1905 partibus
880 1828 975 1904 Kyrlr,
992 1826 1076 1885 nobis
1091 1827 1189 1902 vulgo,

153 1910 204 1965 red
217 1910 307 1984 magis
324 1921 458 1987 corrupto
471 1910 587 1966 nornine
601 1909 716 1975 Clmmb,
731 1909 837 1986 duplici
851 1910 1025 1986 aspiratione
1040 1927 1189 1987 nuncupa·

153 1998 211 2048 tur.
254 1992 326 2046 Cum
341 2002 434 2047 autem
449 1991 510 2047 haec
525 1993 683 2061 communis
696 1990 784 2060 fuerit
797 1989 952 2067 majoribus
974 1990 1079 2045 nostris
1098 1987 1191 2047 eccle·
1290 2025 1296 2035 ·

154 2071 205 2127 sim
219 2070 372 2148 cujuslibet
385 2071 520 2148 templive
534 2071 741 2139 denominatio,
755 2072 812 2127 veri
826 2070 910 2127 nobis
925 2069 1099 2126 simillimum
1111 2070 1190 2126 vide-

153 2160 212 2218 tur,
227 2153 319 2229 prima
340 2152 510 2210 Christianae
531 2153 679 2227 religionis·
701 2153 810 2209 semina
830 2172 847 2208 a
868 2151 976 2208 Gracia
988 2151 1044 2207 ·hic
1064 2151 1191 2227 dispersa

152 2231 252 2291 fnisse.
292 2232 395 2308 Neque
416 2235 492 2292 enim
513 2233 734 2291 existimandum
757 2242 811 2300 est,
834 2232 910 2309 quod
933 2231 1034 2293 Latini
1058 2231 1192 2299 Graecum

153 2331 261 2377 nomen
275 2313 400 2381 ecclesiis
414 2315 604 2392 imponerent.
628 2315 789 2375 Baranam
848 2322 851 2326 ’

545 2502 688 2560 CANON
715 2501 800 2562 XVI.

169 2688 173 2697 ,
195 2631 229 2691 Ρ.
242 2635 312 2692 412.
326 2632 346 2691 l.
361 2635 406 2691 l5.
427 2634 488 2714 Hrgl
500 2633 546 2693 τῦι
561 2638 770 2709 ἆλογιυσαμίιων,
785 2633 800 2696 b
813 2632 857 2692 acl
873 2638 1061 2712 ἅλογευομῖιωι]
1077 2636 1193 2714 Dlonya

156 2715 214 2787 sius
229 2716 359 2790 Exiguus
373 2715 435 2771 haec
448 2715 535 2772 verba
548 2717 762 2794 interpretatur,
775 2719 823 2773 De
843 2718 883 2774 luis
902 2721 949 2792 qui
968 2719 1198 2777 irrationabilem

155 2800 255 2868 ueremi
267 2804 338 2863 sunt,
352 2799 407 2853 sive
419 2805 568 2866 versamur.
596 2797 686 2854 Vetus
700 2800 839 2875 interpres
854 2800 884 2854 in
898 2798 984 2855 titulo
998 2799 1083 2877 hujus
1104 2818 1193 2856 cano·

155 2879 214 2944 nis,
229 2879 276 2934 De
289 2877 391 2951 hirqui
404 2881 433 2934 in
447 2879 607 2934 animalibus
620 2881 750 2935 coleram.
791 2879 826 2934 ln
843 2880 907 2955 ipso
927 2898 1048 2946 canone,
1064 2881 1119 2944 Qut
1132 2882 1194 2937 ani·

155 2960 266 3026 moriter
278 2961 307 3014 in
321 2959 482 3017 onirtuiibus
496 2960 550 3014 tale
564 2960 668 3033 aliquid
681 2962 860 3026 committunt.
896 2958 936 3015 Ilt
948 2960 995 3015 hic
1010 2978 1078 3016 sane
1091 2961 1195 3034 gennis

156 3057 211 3094 nus
225 3050 270 3094 est
282 3040 385 3095 horum
400 3039 551 3095 verborum
565 3058 673 3117 sensus.
706 3038 784 3094 Nam
798 3037 964 3113 improlem·
978 3039 1034 3096 hoc
1048 3040 1077 3095 in
1091 3039 1157 3096 loco
1171 3040 1194 3099 ii

157 3119 301 3190 dicuntur,
321 3120 370 3195 qui
391 3139 456 3177 cum
475 3119 584 3190 ἀλόγοις,
605 3120 696 3176 brutis
717 3119 861 3186 nimirum,
885 3130 916 3176 ut
936 3121 1073 3196 equabus,
1095 3119 1194 3177 aliisve

156 3199 257 3258 bestiis
278 3218 338 3256 rem
359 3198 487 3272 habent3
509 3200 555 3256 vel
569 3200 617 3275 qul
632 3207 652 3258 ir
665 3199 763 3272 α’λὸγοις
776 3198 818 3261 'ebs
832 3202 923 3258 laureis
937 3199 1052 3259 dotcetas
1065 3202 1195 3280 ἰξαγοριῦ·

156 3301 211 3349 aaa,
230 3290 329 3337 utens
351 3280 486 3336 describit
507 3281 536 3338 S.
550 3280 685 3348 Basilius,
700 3301 763 3355 can.
778 3281 824 3339 63.
866 3282 925 3343 Qui
946 3281 1014 3338 alibi
1036 3283 1121 3338 etiam
1143 3300 1193 3340 eos

157 3358 293 3439 ζωφθέςες
306 3370 401 3430 vocat,
415 3380 477 3417 cau.
490 3359 518 3420 7.
534 3362 608 3431 uude
629 3371 658 3416 et
679 3364 739 3438 ipse
759 3362 807 3418 ille
825 3362 950 3418 nefarius
965 3372 1046 3418 actus
1060 3361 1195 3439 ζυοφθορία

157 3441 249 3507 audit,
264 3440 351 3516 Greg.
365 3440 491 3517 Nyssen.
505 3460 568 3499 can.
580 3443 608 3498 4.
629 3441 710 3499 Dicti
724 3453 791 3499 sunt
804 3454 900 3500 autem
919 3451 948 3499 et
967 3441 1124 3514 nvindaim.
1157 3443 1195 3502 In

157 3520 291 3579 Basilicls
306 3522 381 3589 enim
395 3521 514 3597 legimus
529 3527 551 3578 oi
565 3522 731 3597 α’λογιυὸμινοι
743 3522 795 3586 imos
808 3521 947 3595 alisatiam
962 3522 1194 3583 aavaorrtebmv.

157 3600 276 3661 Basilio.
289 3601 315 3659 Ι.
327 3601 367 3659 lx.
381 3621 443 3678 cap.
458 3602 503 3661 tit.
515 3602 564 3665 37.
583 3623 646 3681 cap.
660 3604 711 3662 ult.
733 3622 939 3679 nonnunquam
960 3605 1047 3660 etiam
1068 3607 1193 3684 ἶπποπός-

158 3708 191 3744 ιω
210 3683 352 3741 dicuntur.
392 3682 433 3738 Et
453 3683 483 3738 in
504 3683 559 3739 hac
578 3684 691 3758 quidem
713 3685 830 3740 canonis
850 3682 935 3761 hujus
956 3684 1195 3762 interpretatione
1295 3746 1297 3755 ,

158 3781 259 3823 omnes
282 3762 454 3825 Scholiaetes
476 3765 670 3834 consentiunt.
711 3765 877 3826 Quinetiam
900 3765 931 3822 in
956 3766 1114 3823 canonibus
1139 3767 1194 3824 sub

156 3842 276 3917 Edgaro
290 3842 371 3919 Rege
385 3843 498 3919 Angliae
512 3845 606 3911 editis,
621 3847 719 3903 eadem
736 3845 807 3912 fere,
821 3865 885 3920 quae
898 3846 954 3902 hoc
968 3865 1080 3905 canone
1093 3847 1134 3904 sic
1147 3849 1193 3903 in·

156 3922 286 3991 tellecto,
300 3925 458 3981 constituta
476 3935 553 3993 sunt,
568 3926 614 3981 his
634 3926 768 3983 nimirum
788 3926 893 3994 verbis,
907 3926 962 4001 Eup
980 3927 1035 4000 hpa
1053 3927 1129 4004 hine
1148 3946 1194 4007 prp

155 4005 273 4082 ny'cenu
287 4004 448 4084 besmytep.
469 4010 537 4084 obba
550 4017 731 4085 paepnebman
751 4008 801 4083 pre
821 4012 940 4085 opepne.
961 4027 1003 4082 gif
1022 4009 1059 4064 he
1081 4008 1126 4086 b¹l
1145 4029 1195 4069 xx.

156 4100 260 4162 praepa
272 4105 362 4163 fasee
377 4107 422 4145 xv.
436 4105 546 4164 prncep.
567 4106 580 4160 ]
596 4107 638 4162 gur
651 4108 682 4164 se
696 4106 762 4144 man
776 4089 823 4164 1¹¹1
833 4106 992 4162 gemaeccan
1002 4086 1106 4147 habbe.
1128 4107 1142 4162 ]
1157 4089 1195 4147 he

156 4165 214 4245 beo
229 4185 278 4224 xr..
292 4185 403 4245 praepa.
429 4185 443 4241 ]
459 4168 544 4246 sprlce
557 4172 637 4246 bruge
650 4169 750 4245 begaeb
765 4188 874 4249 gepprce
887 4187 901 4247 1
916 4187 1005 4248 perae
1018 4169 1058 4228 iia
1071 4168 1145 4247 hprle
1156 4170 1196 4247 'de
1265 4209 1266 4212 =
