2678 4756
147 279 212 366 39⁶
485 272 848 346 mammonas

150 446 378 527 Alexandrino,
394 456 461 511 tum
473 445 508 511 in
521 445 653 513 uinariis
666 445 842 515 iubebatur.
871 447 981 537 Atque
991 444 1050 514 ille
1061 446 1184 539 quidem

152 535 275 600 coetms
296 536 343 598 AE
384 533 435 618 pti
458 556 476 597 e
498 533 540 596 isc
580 532 607 596 is
631 533 829 614 antecellens,
854 534 1020 599 urcundum
1045 556 1067 599 a
1095 537 1185 600 Petro

152 619 320 709 dignitatis
348 640 433 683 ocum
446 548 612 696 abineobrt,
626 630 734 704 utpote
746 618 835 684 illins
847 620 975 706 adjutor
988 644 1000 685 .·
1022 619 1079 687 sot
1091 620 1185 686 aidan

153 717 258 771 tamen
272 704 435 789 subjectus,
451 715 481 768 et
498 704 540 768 ad
559 704 661 790 ipsum
683 705 721 771 de
739 705 856 772 caussis
875 703 1093 771 ecclesiasticis
1106 706 1186 793 refe·

151 814 233 856 rens.
274 790 338 854 Hic
350 790 431 854 enirn
445 812 510 854 mos
523 800 569 854 est
582 788 866 856 Alexandrinorum
880 790 1185 878 arcbiepiscoporum,

151 887 188 941 ut
208 892 265 963 por
287 886 384 941 totam
400 876 590 962 AEgyptum
612 898 649 941 ac
669 875 862 956 Thebaidem,
878 876 1106 957 Mareotides»,
1123 878 1187 965 Ly-

153 961 247 1041 biam,
263 962 509 1038 Ammoniacam,
530 960 739 1026 Mareotidrrn
758 971 789 1027 et
809 964 889 1028 Pent
931 962 1008 1027 alirn
1027 961 1186 1029 technas·

153 1048 217 1114 tica
237 1046 361 1135 negotia
383 1047 613 1111 administrent.
657 1047 745 1135 Ergo
766 1047 892 1113 amnesi
920 1047 983 1112 iob
1000 1047 1123 1115 Cbristi
1134 1070 1186 1112 no-

152 1156 223 1198 men
245 1133 278 1198 in
299 1131 464 1198 aostidiam
485 1131 554 1197 dati
575 1132 631 1197 diu
653 1132 685 1196 in
706 1131 839 1197 uinculis
858 1133 977 1199 detenti
997 1145 1074 1199 sunt
1085 1158 1096 1213 ;
1119 1144 1189 1199 ante

153 1241 228 1308 quos
241 1217 383 1283 nonnulli
397 1218 502 1282 eadem
517 1218 554 1281 de
568 1239 660 1282 causa
674 1217 771 1284 uincti
784 1219 972 1306 martyrium
987 1218 1141 1297 obierunt,
1154 1240 1188 1283 as

148 1305 319 1392 proemium
333 1314 431 1369 marte
444 1303 594 1369 consecuti
608 1313 705 1368 arnt.-
728 1325 797 1368 cum
812 1304 937 1369 interim
959 1304 1014 1369 isti
1040 1315 1194 1393 tanquam·

149 1390 296 1478 primarii
311 1413 348 1454 ao
359 1390 594 1476 proestantiores
609 1389 641 1453 in
653 1399 810 1474 posterum
823 1391 972 1456 reseruati
987 1401 1101 1455 essent.

197 1478 241 1540 11.
265 1477 405 1562 Cumque
417 1474 559 1539 nonnulli
573 1474 761 1561 martyrium
762 1474 908 1562 feliciter
921 1475 1111 1542 noblissents
1132 1474 1188 1540 alii

152 1583 221 1628 uero
237 1560 276 1625 ab
290 1562 393 1626 eodem
407 1560 601 1640 excidissent,
615 1571 646 1625 et
660 1559 816 1647 nefariam
830 1560 983 1626 idolmrn
995 1561 1189 1648 superstitio·

153 1669 224 1713 nem
238 1646 443 1724 admisissent,
457 1646 529 1711 adeo
550 1657 586 1710 ut
606 1646 638 1711 ai
659 1668 697 1710 ac
714 1646 895 1712 necessitate
912 1647 1137 1733 sacrficarent,
1153 1646 1190 1711 ii-

153 1732 223 1797 dem
237 1743 306 1818 post
322 1731 445 1817 lapsum
459 1742 490 1795 et
505 1731 658 1819 sacrificia
669 1732 712 1795 ad
725 1731 907 1819 corffessores
920 1744 951 1798 et
964 1745 1126 1821 martyres
1139 1754 1189 1797 ac·

152 1828 317 1897 cesserunt,
330 1828 366 1881 ut
377 1816 564 1902 poenitentia
579 1816 820 1882 misericordiam
834 1816 1016 1884 obtinerent.
1053 1820 1190 1905 Quorum

152 1903 212 1977 alii
226 1903 343 1968 milites
355 1915 457 1981 erant,
473 1900 530 1967 alii
549 1925 589 1967 eu
609 1902 706 1967 uariis
726 1901 905 1968 clerimrum
919 1903 1092 1983 ordinibus,
1104 1919 1189 1990 pres·

154 1988 281 2077 byteris,
295 1988 442 2067 diaconis,
456 2010 494 2052 ac
507 1986 567 2051 rel'
590 1989 638 2053 uis
652 1987 737 2053 aliis.
777 1989 864 2054 Hinc
883 2012 943 2055 non
963 1989 1100 2056 minima
1113 1990 1191 2055 inter

152 2087 308 2174 martyres
322 2073 492 2152 comantia,
507 2095 544 2138 ac
555 2009 700 2139 llissensio
715 2084 761 2139 est
774 2086 902 2141 euorta:
915 2075 1106 2164 negantibus
1120 2075 1192 2141 aliis

152 2180 214 2242 eas,
229 2184 283 2249 quz
305 2158 400 2225 sernel
418 2157 502 2245 lapsi
520 2170 631 2241 essent,
652 2182 689 2226 ac
710 2159 868 2225 Christum
888 2159 1119 2249 abnegassent3
1140 2182 1193 2227 nec

141 2246 370 2336 fortitudinem
392 2267 430 2312 ac
450 2245 657 2310 constantium
673 2245 881 2327 retinuissent,
898 2257 954 2312 aut
969 2258 1130 2313 certamu
1144 2245 1193 2310 ab·

153 2332 272 2410 iissent,
286 2330 472 2417 recipiendos
486 2331 529 2396 ad
538 2330 757 2416 poenitentiam
770 2354 853 2397 esses
876 2331 1017 2431 neforto
1030 2332 1149 2423 reliqni
1158 2332 1193 2398 ob

152 2418 310 2484 celerrime
324 2416 523 2502 impetratam
538 2417 577 2482 ab
592 2417 631 2482 iis
646 2415 736 2481 indul
758 2417 875 2483 entiam
889 2439 1008 2484 minore
1026 2433 1193 2505 poenaruns

150 2514 248 2581 metu,
263 2502 365 2588 abripi
386 2525 449 2568 sese
466 2513 659 2587 paterentur,
674 2525 711 2566 ac
765 2525 835 2567 eum
857 2527 895 2568 ne
917 2515 1020 2582 arent,
1044 2526 1192 2570 execran-

152 2589 261 2674 disque
284 2610 315 2652 se
341 2587 516 2652 Gentilium
539 2589 634 2652 sacris
658 2588 861 2673 polluerent·
922 2602 1028 2654 terat
1050 2591 1137 2678 quad
1157 2589 1193 2654 ab

152 2674 302 2760 ejusmodi
317 2673 534 2759 confessoribus
548 2674 706 2738 dicebatur
720 2697 739 2738 a
753 2673 872 2738 ratione
885 2698 945 2738 non
959 2674 1115 2742 ottonom
1149 2675 1193 2740 Hi

152 2770 243 2825 eraut
268 2758 426 2837 Meletius,
449 2770 479 2823 et
503 2758 622 2838 Peleus,
644 2759 761 2846 allique
782 2760 950 2845 complures
971 2773 1143 2849 martyres,
1164 2771 1193 2826 et

152 2845 349 2932 consessores,
361 2867 438 2931 quos
450 2844 549 2908 divini
564 2844 684 2909 bonoris
698 2845 800 2909 studia
820 2868 857 2909 ac
877 2844 943 2910 nebo
968 2845 1192 2929 infiammatos,

154 2953 222 2996 curn
243 2930 311 2994 lroec
329 2930 476 3009 dicerent,
487 2930 594 3016 fuisse
611 2954 670 2994 non
690 2931 816 2995 dubium
831 2941 888 2997 est.
924 2932 1083 2998 Autlrores
1104 2950 1191 3018 porro

100 3056 104 3065 =
154 3016 247 3081 iidem
269 3027 370 3091 eoos,
391 3027 427 3080 ut
451 3016 615 3079 secuudum
636 3017 885 3101 persecutionem,
899 3028 971 3102 post
983 3019 1115 3100 justum
1131 3018 1191 3083 ali·

176 3103 236 3166 uod
263 3101 409 3187 temporis
431 3102 581 3186 spatium,
603 3116 679 3185 pace
697 3103 879 3181 constituta,
905 3103 1108 3186 poenitentiae
1130 3104 1193 3168 illis

153 3123 238 3252 locros
253 3187 486 3274 indulgeretur:
511 3187 537 3250 si
551 3188 675 3273 quidem
689 3210 757 3251 vere
771 3187 862 3253 illam
876 3198 906 3253 et
920 3211 961 3252 eor
974 3189 1081 3254 animo
1096 3188 1191 3255 susci·

148 3285 270 3361 perant,
285 3283 380 3360 atque
400 3273 465 3357 ejus
475 3272 606 3359 fructus
626 3273 825 3338 exhiberent:
849 3295 904 3338 nec
925 3273 972 3337 ita
992 3285 1112 3353 tamen,
1128 3286 1192 3340 ute

152 3357 272 3424 clericis
285 3359 494 3445 uniusquisque
503 3358 673 3442 pristinum
694 3359 727 3422 in
746 3359 882 3423 ordinem
898 3360 1129 3439 restitueretur,
1142 3360 1192 3425 sed

152 3455 189 3508 ut
201 3455 271 3529 post
285 3443 416 3532 aliquod
436 3454 554 3528 tempus
575 3444 616 3507 ad
634 3444 803 3522 ecclesiam,
819 3467 856 3509 ac
875 3446 1122 3511 communionem
1136 3446 1189 3511 ad-

153 3528 264 3593 missus
289 3530 323 3594 in
347 3529 470 3617 reliqua
494 3528 603 3614 populi
627 3529 839 3609 multitudine,
863 3553 923 3594 uon
950 3530 1034 3595 inter
1059 3531 1190 3620 reliquos

153 3625 334 3679 censeretur.
377 3617 461 3679 Erat
485 3638 524 3679 ue
543 3614 609 3678 boec
630 3615 679 3679 uti
701 3615 781 3694 disi,
798 3639 818 3679 a
831 3615 972 3680 ueritatis
993 3638 1101 3682 arnore
1119 3632 1190 3704 pro·

136 3700 248 3790 fecta,
263 3709 294 3763 et
309 3700 407 3764 diuini
422 3637 541 3764 artioris
553 3698 734 3784 plenissima
747 3700 839 3766 ratio.

197 3786 261 3848 ΙΙΙ.
291 3784 407 3850 Contra
426 3786 635 3850 sanctissimus
652 3789 773 3865 Petrus,
789 3797 894 3872 utpote
914 3783 1066 3874 benignus
1081 3798 1121 3852 at
1133 3786 1189 3850 mi·

152 3869 289 3947 sericus,
304 3882 334 3934 et
348 3869 431 3934 uelut
447 3871 615 3935 communis
630 3871 766 3935 omnium
785 3888 909 3957 parens,
932 3871 980 3937 bis
1003 3871 1076 3936 illos
1096 3870 1191 3938 uerbis

151 3954 350 4022 obsecrabat.-
379 3955 594 4020 Admittamus
618 3952 700 4036 illos,
727 3956 975 4044 quandoquidem
1000 3959 1124 4037 peccati
1146 3979 1190 4022 eos

85 4079 88 4085 ‹
148 4041 293 4127 paenitet,
308 4063 346 4105 oc
364 4040 582 4126 paenitentiam
597 4040 662 4104 illis
677 4043 910 4121 constituamus,
925 4053 961 4107 ut
976 4043 1021 4106 ad
1035 4042 1191 4109 ecclesiam

151 4125 318 4208 assideant,
333 4147 430 4214 neque
449 4137 505 4190 aut
524 4127 614 4211 ipsos,
630 4137 685 4190 aut
701 4125 825 4192 clericos
839 4149 1016 4194 aversemur
1034 4127 1100 4212 (bis
1113 4128 1191 4194 enim

147 4211 250 4278 ¹uerbis
264 4234 354 4307 usum
367 4234 431 4280 esse
445 4212 599 4279 constanti
602 4212 704 4302 fama
718 4213 898 4299 didicimus)
912 4236 953 4282 ne
966 4223 999 4280 et
1016 4214 1150 4302 pudore,
1163 4223 1192 4280 et
