2678 4756
73 4250 117 4472 ,
225 4338 229 4345 ,

239 291 302 365 ipo
576 270 938 345 ANNOTATIONES

233 457 269 511 ut
292 462 390 535 nepus
413 445 602 511 monarchiae
620 447 796 511 dominatus
818 447 978 511 scindatur
996 444 1031 511 in
1048 446 1191 515 diturus
1210 448 1276 516 dis·

197 536 200 547 “
234 544 333 596 sereres
345 532 535 596 divinitates.
568 533 631 596 His
645 533 786 596 concinit
802 526 945 619 Cyrillus
958 533 1097 599 Jetosol.
1110 534 1274 600 catecbli.

233 618 273 681 In
295 617 473 681 monarchia
495 629 599 681 auten
616 618 834 702 praediconda,
856 618 960 716 inquit
974 617 1177 704 Epiphanius
1195 620 1275 685 hur.

231 708 283 765 62.
303 725 335 765 n.
347 717 377 766 3.
398 724 458 766 non
477 702 677 766 oberramus:
701 704 754 767 sed
775 725 837 766 uno
854 704 1040 767 Trinitatem
1051 704 1275 788 praedicamus.

230 786 381 851 Aliorum
404 788 499 851 mitto
521 810 558 851 ea
579 787 620 852 de
642 810 676 851 re
698 788 900 852 testimonia:
924 789 1027 853 allatis
1046 802 1174 854 tantum
1188 789 1275 855 addo

230 871 312 935 illud
337 873 515 958 Augustini
542 874 598 936 lib.
622 888 673 950 uo,
701 887 788 938 cont.
814 877 921 938 Faust.
947 897 976 937 c.
992 889 1039 952 19.
1062 875 1274 963 nacor-ergo

231 956 377 1034 Faustus,
399 956 449 1022 uel
461 959 565 1041 potius
579 956 630 1021 illi
644 959 699 1044 qui
713 962 780 1043 ejus
794 959 909 1023 litteris
922 959 1129 1038 delectantur,
1146 974 1274 1025 meum*
1294 994 1298 999 ·

230 1040 311 1105 cltiae
331 1043 504 1126 opinionem
532 1062 587 1131 nos
613 1067 652 1108 aa
675 1044 819 1132 gentibus
847 1066 907 1108 non
934 1044 1043 1108 lohere
1071 1046 1132 1110 iac.
1169 1045 1273 1111 Coit*

233 1146 369 1192 ersus.

273 1212 308 1276 P.
325 1228 389 1278 180.
405 1215 427 1278 l.
443 1227 488 1278 14.
504 1215 679 1299 δοξάζοντας]
705 1216 787 1300 Reg.
810 1213 995 1292 δοξάσαντας.
1016 1212 1116 1280 Basil.
1139 1215 1271 1299 δοξάζοου

228 1318 283 1377 τις,
296 1312 330 1363 et
345 1301 405 1363 alia
418 1318 516 1363 mana
526 1325 576 1387 γς.
590 1302 772 1379 tiferninus.
796 1302 1088 1364 Monnrsucou.

274 1384 357 1448 Ibid.
380 1383 471 1472 ὥσπερ
486 1384 550 1448 ἕντι
564 1385 644 1460 ὅντως
657 1385 821 1470 γενομένων]
838 1384 1052 1469 Blasphemiae
1066 1385 1156 1464 huie,
1170 1392 1270 1473 qu't'tm

227 1482 341 1552 postea
369 1471 464 1534 Arius
490 1470 589 1555 impie
614 1491 717 1556 propu
743 1471 839 1549 navit,
865 1469 1046 1555 oppositam
1071 1468 1169 1535 iidem
1193 1484 1272 1571 pto·

227 1552 332 1617 fessus
347 1572 416 1618 esse
435 1569 531 1639 atque
545 1555 699 1619 Asianum
716 1492 838 1641 logum
852 1554 957 1640 palam
975 1555 1136 1640 respuisse
1150 1554 1272 1621 Ammi²

228 1639 332 1702 nensis
347 1640 476 1703 concilii
490 1641 632 1724 patribus
646 1641 730 1704 visus
744 1656 793 1704 est
808 1640 941 1718 Valens,
957 1654 1032 1703 eum
1047 1652 1133 1704 teste
1147 1642 1270 1706 ΗὶοιὌὁ

229 1740 331 1808 nymo
345 1725 420 1788 dial.
435 1737 522 1787 cont.
537 1726 677 1789 Lucifer.
694 1726 808 1789 callide
829 1724 989 1800 clamavit,
1013 1724 1136 1811 Siquis
1152 1725 1272 1791 diruit

228 1808 514 1895 creaturamfilium
531 1810 593 1873 Dei
605 1821 640 1873 ut
650 1821 720 1872 sunt
733 1823 844 1874 ceterae
858 1820 1022 1888 meaturoe,
1034 1809 1207 1875 anatliema
1218 1811 1269 1876 sii.

228 1891 297 1956 Ubi
311 1891 386 1958 vero
400 1895 454 1958 ille
469 1917 545 1958 cum
557 1896 652 1959 sociis
668 1895 786 1978 jactare
803 1894 913 1980 coepit,
926 1916 957 1957 se
973 1893 1090 1958 Filiam
1103 1912 1166 1959 non
1181 1916 1269 1962 cneo6

227 1985 332 2042 turam
345 2002 482 2066 negasse,
505 1981 561 2044 sed
584 1979 717 2044 similem
731 1980 840 2043 ceteris
854 1978 1027 2056 creaturis3
1049 1979 1168 2049 merito
1189 1994 1271 2047 cona

225 2065 426 2129 testabantur
439 2065 582 2151 episcopi
598 2065 658 2130 hac
673 2065 785 2130 fraude
800 2065 914 2143 delusi,
952 2064 985 2128 ui
1003 2064 1069 2127 sine
1081 2064 1269 2133 conscientia

226 2145 366 2213 haeretici
372 2150 573 2236 ferebantur,
589 2172 620 2215 se
629 2148 710 2214 uiltil
721 2150 799 2213 mali
811 2151 844 2214 iu
857 2170 921 2234 suo²
971 2149 1178 2234 euesplcotos
1202 2148 1268 2217 Poe

225 2233 373 2313 tacimus,
395 2234 529 2314 aiebant,
551 2256 673 2299 sensum
696 2256 861 2322 congruere
882 2234 1003 2299 cerlis.-
1024 2250 1080 2298 nec
1094 2234 1129 2299 in
1141 2236 1268 2303 ecclesia

225 2317 300 2396 Dei,
323 2319 376 2383 uli
398 2319 592 2403 simplicitas,
613 2320 667 2385 uli
685 2334 768 2404 pura
782 2320 928 2406 confessis
946 2330 1002 2398 est,
1025 2318 1117 2383 aliud
1130 2320 1164 2384 int
1180 2320 1270 2387 eorda

225 2400 366 2467 clausum
396 2426 469 2484 esse,
496 2404 584 2468 aliud
611 2404 643 2469 in
673 2405 763 2468 loliis
788 2403 924 2490 prttferri
952 2403 1124 2469 timuimus.
1162 2402 1267 2472 Con-

228 2506 377 2552 satur.

269 2573 351 2636 Ibid.
365 2575 388 2638 l.
404 2588 449 2638 15.
465 2573 602 2658 γέννησιν]
630 2576 691 2638 His
714 2575 886 2638 concinens
908 2574 1045 2638 Nicaena
1067 2572 1214 2662 synodus
1235 2573 1266 2637 in

221 2658 374 2754 symbolo
388 2658 506 2722 Filium
515 2659 669 2746 genitum,
681 2661 877 2745 nonfurtum
891 2660 1071 2744 profitetur.
1117 2658 1264 2724 Athana·

222 2763 288 2805 sius
306 2757 413 2807 autem
436 2745 537 2829 Epist.
559 2745 599 2807 de
622 2745 787 2809 Sententia
804 2746 904 2808 Dion.
921 2767 954 2807 n.
969 2759 1013 2807 13.
1030 2744 1264 2829 professionem

222 2824 311 2890 illam
330 2829 471 2914 primum
494 2831 535 2893 ab
556 2830 617 2892 hac
639 2830 764 2916 synodo
784 2830 1000 2913 excogitatam
1020 2850 1084 2892 non
1102 2848 1175 2893 esse
1190 2827 1264 2892 hinc

222 2927 309 2976 recte
324 2916 449 2998 probat.
496 2915 574 2978 Cum
589 2914 681 2993 enim,
703 2916 817 3000 inquit,
834 2912 1004 2998 Dionysius
1023 2914 1182 2978 Romanus
1200 2913 1265 2998 epi⁴

220 3012 328 3082 scopus
340 2999 485 3063 aduersus
498 3022 546 3062 eos
556 3000 652 3063 etiam
663 2999 830 3083 scripserit,
844 3002 899 3085 qui
916 2997 1029 3062 Filium
1041 2998 1105 3062 Dei
1118 3020 1185 3062 rem
1199 3020 1264 3062 cre·

221 3093 309 3146 atam
324 3096 355 3147 et
363 3085 493 3170 factem
509 3084 626 3163 dictent,
650 3084 766 3171 liqrtido
788 3093 919 3161 constat,
938 3106 998 3147 non
1013 3106 1095 3147 nune
1113 3083 1262 3169 primum,

220 3167 274 3232 sed
287 3168 361 3233 olim
373 3170 411 3233 al
426 3169 564 3233 omullus
576 3170 776 3234 anathemate
791 3170 974 3232 damnatam
986 3190 1050 3232 esse
1065 3166 1262 3234 inimicorum

225 3253 342 3319 ceroti
356 3255 547 3320 Arionorum
563 3255 715 3319 loeresim.
743 3254 969 3318 Consanus.

165 3399 169 3411 ,
260 3342 306 3403 ·Ρ.
323 3355 390 3405 181.
407 3341 428 3404 l.
445 3356 472 3403 1.
486 3338 516 3417 ἦν
530 3339 573 3402 irs
587 3343 624 3404 tin
639 3339 681 3424 ἦν]
707 3340 814 3403 Etiam
839 3339 891 3402 hic
913 3337 1115 3424 praedamnat
1128 3337 1260 3427 Diony·

218 3424 284 3488 sius
298 3425 423 3489 celebre
440 3425 510 3488 Arii
525 3426 668 3501 effatum,
682 3446 719 3488 ac
734 3424 884 3510 praeludit
897 3424 1037 3488 Nicaeno
1052 3424 1207 3503 concilio,
1220 3418 1263 3489 ad

220 3510 361 3594 symboli
374 3511 422 3573 sui
438 3510 559 3573 calcem
574 3510 860 3574 anathematizanti
870 3507 920 3582 rit
935 3508 1071 3592 λέγοντας
1081 3506 1112 3586 ἦν
1123 3508 1203 3588 nors,
1218 3506 1262 3572 lm

203 3597 259 3658 ‚in
270 3593 310 3669 ip.
333 3594 496 3659 Quocirca
507 3616 583 3656 cum
598 3595 717 3659 Valens
734 3595 873 3658 Arimini
887 3594 920 3655 in
933 3594 1067 3657 ecclesia
1078 3590 1261 3675 clamasset,

221 3680 257 3744 Si
277 3679 346 3767 quis
369 3677 496 3756 dixerit,
513 3679 597 3741 Erat
611 3690 730 3763 tempus
744 3679 864 3766 qnando
884 3701 944 3740 nou
962 3688 1029 3741 erat
1050 3678 1159 3757 Filius,
1185 3696 1262 3743 aua·

219 3765 323 3830 tltemo
338 3762 400 3841 sit;
424 3762 487 3825 hoc
504 3763 626 3842 audito,
650 3765 753 3850 inquit
770 3765 991 3859 Hieronymus
1011 3762 1086 3826 dial.
1101 3762 1175 3828 adv.
1191 3766 1261 3827 Lu·

218 3851 272 3916 cif.
289 3847 390 3914 murti
404 3847 536 3932 episcopi
555 3859 584 3911 et
605 3859 671 3912 tota
689 3848 784 3912 simul
796 3847 923 3913 ecclesia
942 3846 1057 3931 plausu
1080 3848 1215 3933 quodam
1229 3858 1260 3913 et

219 3934 354 4020 tripudio
373 3932 619 3998 Valentisoocem
629 3944 824 4017 exceperunt,
836 3932 897 3996 rati
913 3932 1059 3997 videlicet
1073 3954 1149 3997 eum
1165 3933 1261 4020 plane

215 4023 372 4087 Arianam
386 4018 545 4097 haeresim,
560 4040 633 4105 quae
649 4019 764 4083 Filium
779 4029 923 4083 creatum
937 4018 1075 4097 volebat,
1089 4017 1140 4082 his
1155 4017 1265 4083 verbis

214 4107 351 4194 ejurare.
375 4103 595 4169 Consanos.
630 4103 755 4168 Ibidem
770 4127 810 4169 ex
820 4103 1025 4190 Hieronymo
1039 4102 1179 4182 constat,
1190 4104 1260 4169 Va-

215 4193 336 4261 lentem
348 4189 558 4279 aliaplurima
568 4202 602 4263 et
612 4189 719 4280 ipsum
730 4190 966 4279 pronuntiasse,
979 4201 1013 4299 et
1027 4180 1169 4258 Claudio
1179 4207 1275 4277 pr0··
