2678 4756
154 280 220 350 35²
495 259 857 331 ANNOTATIONra

153 456 213 521 pra
228 433 290 499 vol.
304 433 337 499 ii.
352 446 510 583 pagam.
550 436 658 500 Immo
679 457 753 501 vero
775 435 856 503 inF
950 433 1033 503 eutis
1054 435 1093 503 V
1089 432 1149 502 ἕνα
1167 434 1200 501 S.

154 519 351 607 Pomptina
388 521 529 586 Eusebio
544 527 745 610 conscriptae,
761 546 835 610 quae
856 526 900 589 Fa
924 522 1019 593 ricius
1064 536 1120 588 ost
1141 524 1201 589 Pa·

155 607 366 693 pebrochium
389 607 490 673 edidit
513 608 546 672 in
570 622 661 674 tomo
679 609 713 675 ii.
738 609 849 693 Optata.
870 610 904 677 S.
929 544 1114 695 Hippodgrti,
1135 623 1200 674 tres

153 716 248 765 uoces
261 694 333 759 istae
347 695 596 768 extant—-ra'rt
612 721 643 759 το
656 695 802 773 dennis-our
815 696 955 783 μώςνγοις,
970 696 1018 759 καὶ
1032 698 1088 767 τοὶς
1101 710 1200 757 πολο-

153 779 266 865 τρώποος
289 778 336 858 κο)
357 782 565 867 ἐνηλλαγμένας
590 781 740 861 βασάνους.
765 784 795 865 ξ.
814 806 844 850 v.
868 806 900 871 p.
921 799 992 860 219.
1044 783 1198 867 Denique

153 867 303 975 exposuit
321 868 464 931 Zonaras
482 866 690 946 scholiastes3
712 864 779 943 οἶκος
799 871 858 953 γὰρ
878 877 893 947 ἡ
912 868 1049 954 espessia
1072 869 1127 941 at,
1150 867 1197 929 κοώ

153 955 285 1030 densarat
299 955 331 1015 τὸ
346 954 543 1040 ἀθεράπευτον.
580 955 664 1019 Mox
679 957 763 1029 δοννοὶς
778 956 919 1041 ἀνάγκας,
934 958 1022 1044 quod
1043 953 1199 1023 exhibent

153 1038 267 1103 codices
281 1038 342 1103 mei
357 1040 397 1103 ad
414 1063 512 1105 unum
529 1062 742 1120 maneamne
758 1040 935 1128 repositum
949 1055 1010 1121 est,
1026 1042 1055 1105 si
1069 1040 1151 1127 quid
1165 1038 1198 1107 id

89 1146 92 1151 ·
152 1124 261 1204 refert,
276 1147 335 1211 pro
351 1124 479 1213 vulgat-o
494 1126 624 1212 ἀνάγκας
637 1127 734 1201 δοονώς.
1071 1202 1077 1215 ¹

198 1212 232 1275 P.
250 1227 321 1277 321.
347 1212 370 1275 l.
397 1219 443 1277 16.
475 1214 520 1275 tut
541 1218 589 1291 τὴν
612 1213 902 1299 οτοοροοκολνθήοοιοοιν
922 1212 1043 1295 μογῖςην
1068 1213 1195 1297 στῶσιν]

150 1297 237 1385 Quae
252 1311 376 1383 strages
395 1297 493 1383 ipsos,
509 1314 681 1385 postquam
697 1299 802 1365 multa
816 1300 1037 1365 toleravissent
1053 1315 1196 1365 tormen·

149 1397 198 1462 ta,
211 1397 385 1449 eonsecuta
398 1398 485 1463 erat;
506 1386 639 1472 τέταρτον
652 1387 698 1463 ἤδη
713 1386 810 1471 enixa
827 1386 1051 1465 ὄτικοοτείληφον,
1067 1386 1115 1449 ait
1134 1386 1197 1449 Zo-

153 1491 245 1533 naras
261 1471 404 1556 optimus
419 1472 587 1557 interpres,
602 1470 683 1550 ἐξότε
696 1475 851 1536 assiduare
864 1477 912 1551 τὴν
926 1471 1046 1557 μεγίςην
1059 1479 1187 1536 στῶσιν.

198 1556 232 1619 Ρ.
245 1571 316 1621 322.
334 1557 355 1621 l.
371 1573 397 1621 1.
421 1562 457 1632 οἷς
472 1563 540 1621 τῦτο
555 1557 738 1645 danaidum]
759 1559 857 1660 Vulgo
869 1559 986 1646 ἐντέτῳ
998 1563 1025 1627 3.
1049 1557 1197 1625 Alteram

150 1640 325 1707 lectionem
347 1665 387 1709 ex
408 1657 547 1729 quatuor
572 1645 634 1709 sori
659 1645 924 1731 tisaccep1,sed
950 1645 1047 1710 verba
1074 1643 1198 1709 omittit

153 1729 258 1805 codex,
278 1729 333 1815 qui
356 1729 386 1793 iu
413 1729 563 1818 Catulogo
588 1667 690 1797 MdS.
716 1731 920 1797 Bibliothecae
941 1730 1035 1796 Bodl.
1060 1751 1197 1799 numero

153 1827 223 1889 715.
239 1815 394 1901 signatur.
443 1817 480 1879 In
497 1817 631 1881 Canone
646 1832 754 1882 autem
769 1820 831 1883 VI.
847 1818 887 1882 de
899 1817 1012 1883 eadem
1032 1838 1067 1881 re
1091 1815 1196 1904 sequi-

153 1913 218 1978 tur,
233 1905 270 1975 εἰς
284 1908 364 1964 τοῦτο
380 1901 554 1979 ἐληλυθότες.

196 1986 281 2051 Ibid.
301 1987 323 2050 l.
335 2006 365 2066 9.
393 1993 470 2052 κατὰ
491 1989 642 2074 περισσὸν]
664 1988 761 2077 Vulgo
784 1993 861 2053 κοντοὶ
882 1991 915 2052 τὸ
935 1988 1089 2075 erperode.
1136 1984 1197 2052 Sed

151 2072 182 2135 τὸ
198 2072 347 2138 nesciunt
359 2074 446 2138 codd.
462 2097 565 2139 omnes
580 2075 747 2141 Bodleiaai
763 2098 871 2141 novem
884 2088 1001 2161 prater
1016 2096 1124 2139 unum
1138 2095 1195 2137 nu·

149 2180 244 2224 ¹mero
266 2173 336 2225 205.
361 2160 537 2247 signatum.
582 2163 665 2227 Mox
687 2161 859 2249 οώτονώτορον
881 2183 941 2248 pro
963 2159 1141 2247 ἐντονώτερον
1158 2180 1194 2223 ex

145 2245 239 2310 eodd.
266 2245 377 2311 auritis
402 2247 509 2333 posui,
533 2248 679 2313 firmante
704 2249 833 2313 Zonara
857 2247 890 2312 in
913 2245 1048 2325 Scholia,
1073 2261 1110 2312 et
1134 2244 1194 2311 Ca·

144 2354 238 2397 ⁴¹none
262 2333 361 2397 vlu.
389 2354 456 2419 pue
486 2354 520 2398 se
549 2335 682 2412 ferente,
709 2334 755 2399 ira
785 2333 957 2419 εὐτονώτερον
981 2332 1194 2418 ἀγωνισάμενοι.

145 2439 185 2569 ..p
196 2433 266 2498 329.
282 2418 305 2483 Ι.
320 2434 367 2519 1ο.
407 2419 570 2520 Caeterum
580 2433 652 2520 ‘tres
668 2420 741 2485 illos
756 2420 954 2521 poenitentiae
968 2442 1073 2518 annos
1088 2416 1195 2505 priori·

176 2528 214 2569 us
234 2507 411 2570 canonibus
436 2529 523 2592 prius
545 2507 707 2593 injunctos
729 2507 837 2584 fulsse,
854 2519 1004 2573 autumat
1018 2504 1195 2570 Trllemon·

151 2590 216 2655 tius
233 2591 332 2655 Mam.
349 2591 533 2657 Ecclesiam.
549 2608 629 2658 tom.
644 2618 672 2657 v.
690 2594 720 2657 in
739 2593 772 2656 S.
787 2595 877 2657 Petro
893 2592 949 2657 At.
965 2594 1041 2656 Art.
1054 2605 1087 2668 7.

196 2677 281 2740 Ibid.
297 2679 318 2740 l.
336 2692 383 2742 12.
406 2678 498 2764 ὕπαγε
513 2680 647 2763 Σατανᾶ]
662 2678 820 2744 Additum
837 2692 887 2742 est
900 2679 987 2741 ώπῖσον
1000 2703 1043 2759 με
1060 2678 1095 2742 in
1108 2674 1195 2742 editis

153 2763 187 2825 S.
201 2763 287 2827 Petri
308 2766 498 2845 canonibus,
520 2765 609 2851 quod
632 2776 854 2830 assumentum
874 2778 924 2829 est
945 2786 984 2828 ex
1005 2765 1067 2828 SS.
1083 2764 1195 2827 Marco

143 2860 185 2921 :et
199 2851 289 2914 Luca
304 2850 345 2913 ad
359 2852 392 2914 S.
409 2851 562 2917 Matthaei
576 2851 789 2938 evangelium.
836 2852 908 2915 Nee
926 2849 1053 2936 respuit
1076 2847 1111 2914 id
1132 2849 1195 2911 Zo-

152 2956 242 2999 naras
256 2936 288 2999 in
306 2936 460 3016 Scholio;
483 2939 541 3002 sed
557 2952 663 3003 tamen
679 2938 764 3003 idem
781 2936 997 3002 omittendum
1015 2935 1108 3014 duxi,
1124 2955 1195 2999 oum

143 3042 172 3093 ¹a
185 3021 322 3106 praesule
338 3023 557 3089 Alexandrino
576 3028 623 3102 τὴν
640 3030 744 3111 χρῆσιν
762 3024 795 3088 in
813 3023 901 3087 hunc
921 3022 1060 3087 modum
1081 3020 1196 3086 excita·

152 3119 217 3171 tam
235 3107 333 3173 fuisse
349 3109 487 3197 quinque
502 3110 616 3175 codices
631 3110 741 3196 scripti
756 3109 789 3174 ν’νο
804 3108 977 3174 Bodleiano
994 3121 1132 3195 negent.

554 3315 721 3382 CANON
750 3316 797 3380 II.

196 3447 280 3514 Ibid.
296 3449 318 3513 l.
335 3456 382 3514 16.
405 3449 498 3535 μόνον]
516 3452 655 3528 Vocem,
678 3474 751 3536 qnae
773 3450 867 3515 editis
888 3447 975 3514 haud
997 3448 1097 3528 inest,
1123 3471 1200 3536 pre·

152 3545 238 3599 stant
258 3535 351 3599 nobis
372 3536 487 3601 codices
506 3560 608 3602 ornnes
622 3536 799 3616 Bodleiaai,
819 3535 1023 3622 eandemque
1043 3535 1199 3602 invenisse

152 3619 300 3685 videntur
331 3635 603 3688 commentatores
636 3624 791 3702 Zonaras,
819 3621 982 3700 Balsamo,
1012 3620 1198 3700 Aristonus,

151 3704 389 3794 Blastaresque.

196 3792 231 3856 P.
254 3806 324 3857 323.
348 3795 371 3859 l.
395 3810 422 3859 1.
457 3793 625 3879 γενομένοις]
647 3794 723 3858 Hoc
747 3794 879 3859 verbum
905 3815 964 3879 pro
986 3791 1147 3878 γενομένων
1166 3812 1200 3857 ex

153 3887 217 3941 octo
233 3879 328 3964 posui
342 3880 573 3965 manuscriptio.
614 3883 688 3945 Nee
703 3880 864 3967 discrepat
882 3877 1124 3964 OEoolampodii
1139 3878 1200 3943 Lu·

152 3963 221 4028 tina
239 3964 353 4044 Verrio,
374 3989 471 4053 quam
494 3989 592 4052 supra
613 3966 877 4031 commemoravi.
927 3966 1098 4029 Hervetus
1122 3986 1199 4052 quo·

151 4072 216 4136 que
237 4051 354 4115 Tiliani
376 4052 566 4137 exemplaris
588 4052 696 4119 Graeci
718 4052 836 4117 horum
858 4051 1065 4137 aliorumque
1091 4050 1201 4117 Cano·

151 4159 229 4201 num
249 4135 418 4225 interpres,
434 4138 528 4225 cujus
547 4139 647 4203 versio
668 4138 795 4204 Parisiis
815 4142 1005 4202 ann01561.
1028 4137 1123 4226 typis
1144 4138 1201 4203 im·

138 4242 261 4309 pressa
279 4237 341 4305 est,
357 4225 467 4304 habet,
486 4235 708 4293 tormentorum
728 4223 845 4313 captivi
855 4221 947 4311 facti
965 4232 1055 4289 sunt.
1096 4223 1202 4293 Verba
