2678 4756
356 288 564 359 annona
586 288 1042 380 rursconnnrsmm.
1140 272 1222 383 ,n

173 470 250 531 tura
263 483 353 529 sacra
366 462 514 551 legatum
528 460 637 542 misit3
658 461 715 529 hic
728 461 815 529 idem
831 461 998 529 historiam
1014 461 1221 550 sepmaginta

173 575 389 661 interpretum
412 574 507 661 plene
530 573 668 660 scripsit.
713 573 748 637 Si
773 573 936 659 igiturex
961 572 1164 639 credentibus
1186 573 1221 641 in
1255 575 1257 578 ’

176 685 347 775 Cluistum
365 683 490 751 adhuc
507 686 620 772 ipsum
631 681 780 765 ,officium
798 682 947 757 advocari
958 684 1139 771 contingat,
1155 706 1221 751 non

175 800 306 884 spernat
330 797 456 884 etipse
478 796 599 862 littera's
628 793 808 861 saechls'rea'*
821 804 855 870 et
880 794 1051 880 gentilium
1077 795 1222 883 ingenia,
1311 825 1314 831 ’

144 925 252 996 aquae
268 906 640 994 Principemoblectant.
684 904 853 985 Laudandi
867 918 944 970 sunt
958 910 1067 992 poetae
1079 904 1112 971 iu
1129 928 1224 994 mag·

175 1015 324 1084 uitudiue
341 1015 476 1102 ingenii,
497 1013 531 1080 in
552 1015 755 1081 inventorum
774 1012 934 1094 acumine,
952 1013 988 1078 in
1007 1014 1222 1102 expressionis

175 1125 373 1213 proprietate
388 1124 762 1213 et'eloquentiajsumma
771 1150 782 1206 3
804 1121 957 1190 laudandi
973 1132 1130 1206 oratorer,
1148 1125 1222 1191 laus'

176 1234 278 1304 dandi
297 1235 485 1324 philosophi
507 1235 546 1301 in
565 1257 790 1323 genere—suos
810 1233 964 1302 laudandi
985 1235 1142 1316 historici,
1162 1235 1223 1325 qul

175 1360 345 1434 gestarum
360 1353 468 1413 rerum
487 1347 794 1443 seriem,.majorum
807 1371 926 1429 mores,
940 1362 975 1414 et
993 1349 1142 1417 instituta
1160 1373 1222 1417 nos

126 1456 229 1527 uobis
249 1455 422 1544 explicant,
445 1457 501 1544 qui
522 1456 648 1523 uisendi
670 1462 817 1531 normam
837 1481 878 1525 ex
895 1460 1103 1548 antiquorum
1121 1460 1224 1548 gestis

177 1567 364 1634 ostendunt.
410 1567 580 1633 Interdum
595 1567 765 1634 etdivinas
784 1570 957 1658 scripturas
979 1572 1103 1638 laudari
1124 1593 1224 1638 cona·

151 1699 153 1703 ’
176 1675 275 1757 bitur,
289 1699 371 1765 quas
392 1677 474 1741 mira
492 1676 662 1764 diligentia
681 1691 714 1744 et
732 1679 917 1766 largissimo
932 1681 1099 1769 impendio
1116 1684 1225 1748 Ptole·

176 1807 282 1853 maeus
305 1782 536 1875 Philadelphus
552 1787 586 1852 in
603 1788 753 1875 linguam
770 1805 916 1856 nostram
934 1792 1060 1858 traduci
1082 1793 1224 1874 curavit5

177 1896 363 1964 laudabitur
382 1910 416 1963 et
435 1897 564 1962 interim
585 1898 799 1985 evangelium,
815 1901 1047 1989 apostolosque
1066 1903 1226 1986 (Paulus),

126 1992 240 2098 aspro
252 2007 366 2074 divinis
381 2006 540 2075 oraculis:
562 2009 729 2095 insurgere
743 2010 865 2097 poterit
882 2011 1004 2078 Christi
1019 2013 1153 2094 mentio,
1169 2036 1226 2080 ex·

176 2118 352 2212 plicabitur
374 2118 531 2210 paulatim
552 2121 623 2209 ejus
648 2122 717 2186 sola
743 2116 892 2196 divinitas
915 2127 984 2203 (vid.
1009 2146 1076 2207 pag.
1098 2127 1146 2189 78.
1167 2127 1226 2189 vob

180 2218 334 2312 Reliquiae.
349 2229 468 2314 primi);
486 2234 596 2298 omnia
610 2232 681 2298 haec
697 2232 773 2298 cum
789 2231 914 2298 Christi
931 2228 1095 2321 adjutorio
1110 2230 1227 2321 prove·

179 2341 250 2410 u'ae
267 2353 410 2429 possent.

225 2451 314 2518 Sciat
336 2451 417 2540 ¹crgo
442 2453 496 2518 ille
517 2453 617 2519 libros
639 2474 764 2533 omnes,
786 2475 869 2542 quos
893 2451 1043 2541 Princeps
1066 2451 1229 2536 habuerit,

126 2564 357 2652 waaepeillos
371 2561 521 2644 revolvat,
534 2577 568 2630 et
582 2586 643 2630 suo
658 2565 770 2630 ordine
784 2588 842 2652 per
857 2565 996 2630 indicem
1014 2566 1150 2653 pulchre
1163 2566 1230 2638 dis·

178 2664 301 2764 pariata
322 2676 444 2750 sineno
467 2699 565 2742 novos
587 2677 637 2742 vel
662 2689 783 2742 veteres
805 2676 974 2742 transcribi
998 2677 1135 2756 curabit,
1158 2691 1229 2742 stu-

180 2787 258 2854 deat
278 2789 558 2855 emendatissimos
583 2790 702 2855 habere
722 2790 890 2871 librari0s3
915 2788 1003 2878 quod
1026 2790 1052 2854 si
1074 2789 1143 2855 fieri
1164 2802 1230 2856 noh

175 2896 302 2988 potest,
316 2901 399 2966 viros
413 2893 529 2967 doctos
545 2901 585 2966 ad
600 2901 838 2966 emendandum
855 2900 1015 2988 disponat,
1026 2894 1155 2989 illisque
1169 2923 1230 2989 pro

176 3007 346 3079 laboribus
363 3012 452 3100 juste
473 3012 646 3078 satisfaciat
657 3034 666 3092 3
689 3024 809 3078 veteres
827 3011 903 3076 item
925 3011 1053 3077 codices
1069 3033 1129 3099 pro
1143 3004 1230 3077 indi·

126 3119 293 3208 mgentia
307 3121 451 3185 resarciri
468 3131 631 3206 procuret,
647 3122 803 3206 ornetque
822 3140 888 3183 non
908 3132 1033 3184 tantum
1053 3121 1095 3184 ad
1113 3141 1228 3208 super·

175 3232 326 3315 utitinam
342 3245 502 3317 sumptus,
517 3232 674 3318 quantum
691 3228 731 3292 ad
746 3229 826 3293 utile
842 3241 1081 3294 ornamentum.
1115 3231 1229 3318 Itaque

176 3344 280 3411 scribi
296 3343 330 3408 in
345 3342 516 3429 purpureis
534 3339 729 3405 membranis
749 3354 784 3405 et
803 3331 918 3404 litteris
938 3339 1043 3404 aureis
1063 3351 1152 3405 totos
1170 3362 1229 3406 co-

175 3455 283 3534 dices,
296 3454 359 3519 nisi
371 3454 553 3540 specialiter
569 3452 718 3539 Princeps
732 3450 983 3533 demandaverit,
998 3474 1063 3517 non
1079 3438 1238 3536 affectet-3*

175 3566 293 3633 omnia
303 3561 412 3630 tamen
424 3562 548 3630 Caesari
558 3576 663 3650 grata,
673 3561 813 3628 maxima
828 3585 904 3627 cum
920 3562 1106 3629 obedientia
1119 3584 1232 3651 prose·

126 3662 314 3767 coquetur.
358 3672 522 3764 suggeret
535 3660 594 3762 pro
609 3694 704 3761 posse
718 3685 751 3738 et
765 3673 855 3738 omni
869 3694 943 3738 cum
959 3673 1121 3740 modestia
1141 3675 1233 3740 Prin·

179 3782 311 3875 cipi,'-ut
333 3806 391 3850 eos
410 3781 512 3872 legat,
528 3784 577 3848 vel
597 3783 663 3869 legi
676 3773 793 3846 'audiat
811 3782 924 3862 libros,
947 3783 1004 3870 qui
1024 3775 1058 3848 et
1078 3782 1177 3849 statui
1197 3795 1232 3848 et

176 3895 300 3961 honori
318 3890 405 3958 illius
424 3915 462 3958 ac
482 3892 615 3958 utilitati
635 3891 740 3977 magis
758 3913 855 3978 quam
874 3892 1101 3961 tantummodo
1116 3894 1230 3980 volup·

181 4006 243 4074 tati
258 4006 467 4098 conveniant3
491 4016 604 4068 noscat
617 4003 685 4089 ipse
699 4001 788 4088 prius
802 4002 924 4089 optime
939 4003 1024 4084 illoa,
1041 4005 1157 4091 saepius
1173 4002 1231 4068 de·

183 4115 383 4184 indecoram
400 4113 545 4201 Principe
560 4113 683 4192 laudet,
694 4135 732 4176 ac
746 4133 858 4179 eorum
874 4113 929 4202 qui
945 4115 1126 4203 approbant
1138 4113 1230 4180 testi·

678 4235 703 4280 Χ
715 4228 736 4280 4
