2678 4756
248 330 310 401 ις.
584 296 952 379 sunornnotvss

248 488 306 567 ἀγο
323 485 368 561 ἃς,
386 483 408 568 'lt
423 482 572 556 ἐπιστολὰς
585 480 785 560 ἀναγινώσκων
799 483 821 569 ’l
835 482 1021 569 ὑπαγορεύων,
1032 477 1096 564 &aa
1109 481 1237 567 βαδίζων
1249 486 1296 565 ls-

246 592 347 653 μοοᾳ,
371 568 393 653 'i
415 566 622 652 δορυφορούμενος
647 567 706 633 &a
744 569 857 633 Hocoe
878 568 978 655 igitur
1000 568 1172 634 hominurn
1190 590 1295 657 ςοοοοιο

135 666 140 673 “
245 653 338 719 valde
355 653 540 732 molestum,
563 651 709 740 adeoque
723 653 874 718 odiosum
888 655 1008 741 passim
1022 668 1055 719 et
1069 653 1212 719 invisum
1227 654 1294 743 ple-

246 740 366 825 risque,
382 751 418 805 ut
432 738 529 801 etiarn
543 736 739 803 Circitorum
752 752 786 805 et
798 737 1022 819 Curiosorum,
1037 738 1096 805 sed
1112 740 1292 825 prasertim

250 824 454 899 Christianis,
476 823 531 908 qui
557 823 733 909 saepissime
757 825 871 889 talium
896 824 1077 891 officiorum
1101 824 1293 891 erudelitate

247 906 473 994 comprehensi
487 908 529 971 ad
543 922 720 994 potestates
734 910 950 995 rapiebantur.
995 910 1158 996 Eulogius
1169 910 1293 977 archio-

245 996 399 1083 piscopus
425 993 661 1059 Alexandrinus
686 994 769 1059 libro
796 994 837 1060 de
862 995 1043 1082 Disciplina
1063 995 1319 1063 Ecclesiasticu-

246 1081 396 1148 adversus
417 1082 595 1157 Novatum,
617 1081 814 1146 mentionem
836 1081 915 1147 facit
934 1080 1161 1147 commentarii
1182 1082 1290 1171 cujus·

246 1167 321 1233 dam
344 1165 530 1243 Novatisni,
551 1165 645 1251 cujus
669 1167 751 1230 hane
775 1165 872 1231 fuisse
899 1166 1096 1252 hypothesin
1117 1166 1232 1247 refert,
1250 1164 1289 1231 ἴοι

245 1252 440 1333 βασιλεύοντος
451 1250 594 1333 Ῥωμαίων
609 1251 699 1315 baala
714 1253 735 1339 ’l
752 1255 944 1339 Odansyravti,
960 1250 1104 1339 Περὲννοος
1118 1252 1291 1337 Δνκηοέροος

245 1337 423 1443 πςὸοτοογμοι
436 1335 530 1401 natas
549 1339 613 1423 παρ’
636 1340 737 1415 αὐτῶν,
754 1336 861 1412 πάντας
878 1335 928 1412 οὖς
945 1339 1000 1400 insol
1019 1341 1068 1415 οὴν
1080 1336 1191 1421 Ῥώμην
1203 1338 1226 1425 ’lt
1240 1342 1291 1415 sslf

246 1427 326 1510 πεςοξ
341 1421 479 1507 ἐπαρχίας
519 1420 639 1504 piaveris
654 1422 828 1508 βαρυτάταις
837 1422 971 1503 βασάνοις
986 1423 1008 1506 οἳ,
1021 1426 1132 1509 πικραῖς
1145 1422 1291 1511 τιμωρίας

246 1511 478 1594 εἰδωλολατρεῖνέ
499 1508 601 1588 luigero,
620 1509 641 1593 ri,
660 1509 758 1571 πολλοὶ
776 1509 827 1590 μὲν
848 1510 856 1530 “
878 1505 962 1573 ἄλλον
977 1506 1146 1593 ἔνοὸίδοοονοῇ
1163 1508 1217 1596 βίᾳ
1230 1509 1289 1574 dcc.
1329 1562 1332 1567 .

246 1593 425 1661 Videantur
434 1615 507 1679 quae
517 1593 558 1657 de
571 1593 786 1657 Beneficiariis
798 1609 832 1657 et
876 1594 990 1659 usiosis
1002 1593 1045 1658 ad
1054 1592 1288 1661 Tertullianum

245 1678 495 1756 observavimus,
509 1692 542 1742 et
579 1701 628 1743 uas
641 1677 683 1742 ad
697 1678 845 1742 ultimam
863 1679 891 1743 C
917 1678 1016 1764 priani
1033 1677 1229 1765 Epistulam,
1250 1678 1290 1743 de

245 1763 493 1830 Frumentariis:
517 1700 577 1827 sed
587 1763 731 1849 inprimis
743 1786 816 1850 quae
829 1764 869 1828 ad
886 1702 1063 1850 dapitolini
1077 1765 1289 1844 Pertinacem,

245 1848 432 1917 Salmasius.
457 1850 675 1915 Rrossrrus
692 1871 712 1913 a
727 1849 817 1914 Fello
836 1849 963 1914 allatus.
1008 1849 1104 1914 Plura
1126 1850 1169 1915 de
1188 1849 1289 1915 duce-

246 1936 342 2003 nariis
368 1933 494 2001 erudite
518 1934 606 1998 dic'ta
630 1935 767 2021 reperies
791 1935 824 1998 in
843 1934 1120 2000 observationibus
1145 1934 1290 2023 Bigsltii.

245 2021 331 2089 Vide
345 2020 441 2087 etiarn
458 2033 567 2085 notam
584 2020 795 2105 marginalem
807 2020 898 2085 Beati
909 2019 1052 2085 Rhenani
1064 2020 1106 2085 ad
1116 2020 1290 2107 epistolam

244 2106 362 2196 synodi
380 2105 595 2171 Antiochenae
617 2105 703 2191 apud
726 2105 878 2171 Rufinum
900 2106 956 2170 lib.
967 2105 1019 2170 vii.
1034 2127 1106 2193 cap.
1117 2112 1170 2172 26.
1185 2106 1290 2173 etJn-

245 2193 384 2280 sephum
410 2191 610 2278 scaligerum
636 2190 677 2255 ad
703 2190 888 2255 Manilium.
914 2192 1055 2256 loannes
1082 2191 1240 2257 Calvinus
1259 2192 1290 2257 io

245 2278 350 2345 lexico
360 2275 514 2364 juridico,
531 2277 563 2339 in
586 2277 683 2341 verbo
701 2276 885 2354 Ducanarii,
905 2276 984 2341 citat
1005 2276 1177 2363 epistolam
1194 2298 1289 2367 quao-

245 2378 313 2429 tam
329 2363 401 2427 libri
416 2360 510 2447 primi
524 2361 626 2425 sancti
642 2362 809 2448 Cypriani,
824 2385 896 2446 quae
909 2376 959 2426 est
970 2362 1040 2426 haeo
1055 2362 1220 2441 nostra,iu
1229 2384 1290 2451 qus

245 2449 291 2514 ait
305 2463 411 2513 extare
434 2447 504 2511 haec
519 2447 624 2525 verba,
646 2468 744 2533 neque
757 2458 793 2513 ut
809 2446 865 2511 ille
879 2447 1073 2532 superbierit,
1088 2447 1291 2535 sublatusque

235 2533 343 2623 suerit
358 2531 525 2597 mundonis
538 2531 757 2617 dignitatibus,
781 2532 964 2598 ducenarius
984 2533 1209 2621 potiusquam
1226 2532 1290 2633 epi·

246 2635 353 2704 scopus
368 2617 471 2683 vocari
485 2616 599 2682 volens.
645 2619 692 2682 At
705 2641 769 2704 ego
785 2620 846 2683 ista
861 2640 964 2704 neque
977 2619 1011 2683 in
1026 2617 1227 2683 editionibus
1241 2642 1288 2685 ru-

246 2706 318 2770 veni
332 2704 481 2790 usquein
497 2701 586 2766 libris
599 2703 768 2768 veteribus.
785 2705 996 2769 strumus.
1018 2704 1129 2769 Verba
1144 2716 1290 2791 spectant

247 2790 288 2857 ad
302 2790 411 2855 locum
428 2788 531 2853 modo
543 2789 720 2853 adductum
736 2811 754 2852 a
769 2789 912 2876 Rigaltio
926 2811 965 2852 ex
981 2787 1113 2874 epistola
1125 2789 1289 2854 Antinoite-

246 2897 357 2943 norum
372 2897 391 2937 a
405 2874 540 2939 Baluzio
559 2873 634 2937 item
652 2888 919 2952 commemorata,
943 2888 976 2939 et
995 2875 1088 2975 cujus
1108 2896 1185 2962 pars
1206 2888 1289 2941 extat

248 2961 282 3027 iu
298 2959 405 3027 solii.
421 2980 517 3044 supra
529 2959 571 3022 ad
582 2980 658 3044 pag.
669 2973 739 3039 479.
755 2960 813 3025 ubi
828 2973 938 3024 notam
948 2959 1074 3025 videsis.

292 3044 327 3111 P.
339 3060 388 3111 82.
404 3046 426 3110 l.
440 3057 487 3109 14.
503 3058 537 3110 et
552 3047 707 3132 martyrio
721 3068 852 3132 quoque
873 3046 1062 3130 dignatione
1075 3045 1216 3110 Domini
1231 3044 1286 3111 bo·-

247 3132 394 3216 noratus]
418 3131 532 3216 Finge,
552 3130 638 3195 sicea
651 3144 768 3208 morte,
785 3155 850 3195 non
864 3146 1008 3210 cruenta,
1022 3130 1179 3195 affectum
1193 3130 1287 3197 tuisse

246 3216 449 3295 Cornelium,
478 3229 652 3302 postquam
673 3216 854 3280 Dominum
875 3216 1042 3282 confessus
1071 3227 1170 3295 esset,
1196 3222 1287 3305 prout

247 3317 359 3370 censet
375 3303 561 3367 Pearsonius
575 3302 606 3366 iu
616 3301 735 3366 Annol.
753 3303 849 3388 Cypr.
865 3301 908 3365 ad
922 3324 974 3366 an.
987 3316 1057 3365 252.
1074 3302 1104 3385 ξ.
1120 3315 1169 3365 13.
1187 3315 1287 3367 vetus·

246 3389 362 3455 tissimi
381 3385 526 3474 Cotologi
584 3400 674 3453 ctore
688 3387 798 3465 allato,
815 3386 908 3473 eujus
923 3388 1020 3451 verba
1034 3399 1111 3451 sunt
1127 3386 1161 3450 in
1181 3388 1286 3452 Corne

247 3474 309 3539 lio:
333 3472 477 3539 Posthac
493 3473 556 3537 Gerr
592 3471 710 3537 ansellis
724 3470 881 3557 expulsas,
897 3470 940 3535 ibi
962 3494 1032 3536 oum
1051 3470 1161 3559 glorio
1178 3470 1287 3537 ἀοονοοὶ-

250 3560 362 3623 tionem
378 3557 516 3640 occepit,·
537 3570 645 3622 tamen
661 3558 705 3622 vir
718 3579 859 3643 magnus
871 3557 977 3623 minus
986 3575 1072 3623 recte
1082 3556 1147 3621 hoo
1161 3557 1288 3658 qiidam

247 3643 389 3710 innuisse
413 3641 550 3720 videtur,
574 3641 726 3707 Cornelio
743 3657 883 3708 mortem
899 3656 1066 3708 cruentam
1083 3641 1289 3730 adscnpsissa

246 3729 441 3816 posteriores
461 3728 566 3814 magis
590 3751 687 3814 quam
711 3728 962 3815 Hieronymum,
978 3729 1013 3792 in
1024 3728 1119 3792 libro
1134 3728 1191 3793 De
1207 3726 1288 3795 Vror

247 3814 304 3881 Ill.
320 3814 493 3894 dicentem,
510 3812 545 3877 ob
562 3813 720 3879 Christum
734 3812 891 3900 martyrio
902 3824 1079 3878 coronatum
1090 3812 1203 3900 sitisse
1218 3814 1287 3879 Cor·

248 3899 365 3967 aelium
373 3925 385 3977 ,·
407 3922 481 3964 nam
497 3900 529 3964 in
549 3900 582 3964 V
581 3899 626 3963 ito
651 3897 744 3963 Ponti
762 3898 916 3963 Eremitoe
930 3900 971 3963 ab
991 3898 1108 3963 eodem
1125 3899 1288 3987 Hierony-

247 4009 304 4051 mo
317 3985 500 4070 conscripta
515 3986 586 4050 haec
600 3986 697 4049 verba
711 3997 820 4048 extant
834 3984 875 4048 ad
895 4005 972 4080 pag.
991 3996 1061 4048 240.
1080 3982 1133 4048 ed.
1154 3984 1288 4049 Froben.

251 4071 411 4139 Cornelius
423 4071 542 4150 Rornae,
560 4071 736 4157 Cyprianus
754 4069 956 4156 Cartbagine,
967 4068 1065 4155 salici
1082 4091 1192 4134 eruore
1205 4068 1290 4135 daru-

247 4157 318 4223 arati
345 4167 429 4222 stant.
482 4158 591 4235 Porro,
619 4177 816 4242 quanquam,
845 4168 883 4220 ut
910 4178 1020 4220 verum
1049 4155 1227 4242 proferam,
1241 4206 1244 4211 .
1257 4154 1289 4219 iu

248 4245 356 4333 Epist.
372 4265 430 4309 sua
443 4250 481 4319 67
497 4242 546 4308 vel
565 4248 616 4307 68.
639 4240 822 4330 Cyprianus
838 4241 977 4307 Lucium
990 4239 1139 4310 Cornelii
1162 4260 1289 4307 moon·
