2678 4756
288 296 340 362 IN
362 294 396 360 S.
419 291 638 363 CORNELII
662 290 960 359 FRAGMENTA.
1101 308 1144 368 at.

103 481 175 534 tum
190 477 240 533 est
253 465 407 532 Zoticum.
449 466 526 613 pun
540 463 625 529 enim
642 462 743 528 modo
755 461 822 547 legi
835 461 868 527 in
884 483 951 529 uno
963 458 1141 533 Bodleiano

101 566 241 619 testatur
256 552 359 617 editio
369 551 449 635 Aug
462 571 563 623 renna.
599 550 655 614 Sic
668 547 766 613 etiam
779 546 881 612 editio
895 545 1051 613 Mosellii.
1071 546 1143 609 Bn-

104 657 261 705 numus.

149 722 184 785 P.
198 737 229 786 s.
245 722 268 785 l.
283 733 330 786 14.
351 719 408 784 illo
425 719 495 806 jam
517 717 708 803 pervenisse]
726 717 803 781 Hoc
825 727 875 781 est
897 713 1140 799 Carthaginem.

102 809 179 872 Nec
190 805 272 871 falsa
283 806 345 871 fuit
357 804 501 869 Cornelii
515 802 637 888 opinio,
648 801 674 866 si
688 823 760 865 eam
775 798 817 866 de
831 814 896 873 tem
922 823 988 879 ore,
1001 821 1065 863 uon
1077 818 1143 885 quo

102 891 277 970 scribebat,
293 889 350 955 sed
365 911 431 975 quo
446 889 568 954 litteras
582 909 656 951 suas
672 885 837 973 Cypriane
914 884 1034 951 dendae
1050 883 1142 970 judi·

103 977 212 1054 cabat,
224 977 484 1061 interpretemur.
527 972 631 1036 Pridie
645 971 730 1035 enirn
747 993 844 1056 quam
859 970 911 1035 hae
926 970 1143 1046 redderentur,

104 1060 183 1127 illuc
198 1069 381 1146 pervenerat
393 1057 534 1123 secunda
548 1055 721 1121 Novatiani
736 1055 766 1119 le
810 1057 868 1122 tio.
892 1056 1116 1121 cousrrsr.

150 1145 337 1209 Ibid.l.16.
360 1144 551 1226 innotescat]
567 1143 605 1206 In
617 1141 694 1206 MS.
709 1140 768 1204 Cor
789 1185 797 1207 .
813 1142 1025 1209 innotescant.
1042 1139 1144 1205 Cou-

108 1250 244 1296 sunna.

150 1314 236 1379 Ibid.
250 1313 273 1379 l.
289 1325 337 1388 17.
360 1326 504 1398 patronae
520 1312 600 1395 suae]
619 1311 707 1374 Hinc
730 1332 856 1375 servum
871 1331 946 1376 eum
968 1322 1002 1375 et
1022 1308 1145 1375 menei·

105 1397 198 1484 pium
212 1397 371 1463 exstitisse
387 1398 433 1462 vir
447 1396 590 1461 eruditus
610 1395 810 1480 suspicatur:
834 1395 923 1482 quod
937 1393 1146 1481 persuadere-

109 1497 163 1549 tur
180 1483 318 1562 facilius,
340 1482 366 1547 si
390 1481 560 1546 Cornelius
582 1479 717 1544 dominre
738 1502 801 1544 non
821 1492 967 1564 petronae
989 1479 1147 1547 vocabule

109 1590 186 1632 usus
202 1579 297 1632 esset.
341 1566 451 1654 Hujus
473 1587 546 1631 vero
569 1565 696 1629 diaconi
715 1565 849 1629 crimina
869 1578 907 1631 ut
926 1577 1004 1629 nota
1025 1566 1147 1641 fierent,

109 1674 151 1717 eo
164 1653 265 1738 pluris
279 1652 440 1729 intererat,
455 1673 521 1737 quo
537 1651 592 1714 ille
606 1649 743 1735 amplius
758 1650 952 1716 confessoris
966 1650 1061 1716 titulo
1075 1649 1149 1735 glo·

127 1739 134 1752 ⁸
156 1739 263 1815 bsmr,
277 1750 312 1801 et
324 1737 399 1801 inde
413 1736 512 1821 vulgo
525 1736 724 1820 imponebat.
746 1734 972 1801 Cousrsur.
1014 1735 1149 1801 Permit-

110 1759 190 1887 liiur
215 1822 338 1886 Conom
360 1832 410 1885 82.
432 1821 488 1907 qui
511 1821 628 1885 dicitur
649 1818 880 1904 Apostolorum,
904 1822 1002 1887 etiam
1028 1819 1150 1885 manci·

111 1907 173 1992 piis
191 1927 267 1971 cum
289 1906 496 1971 dominorum
518 1925 676 1970 consensu
696 1905 744 1968 vel
765 1904 806 1968 ad
824 1907 1003 1990 superiores
1023 1904 1150 1971 ordines

112 1990 346 2057 ecclesiasticos
366 1989 523 2067 adscisci;
546 2001 589 2068 et,
608 2000 645 2051 ut
664 1989 852 2073 significavit
874 1991 1097 2069 Coustantius,
1111 1989 1152 2055 li-

113 2076 235 2153 bertus,
259 2097 324 2140 non
346 2075 576 2159 servusflfuisse
602 2072 807 2137 Nicostratus
828 2074 964 2151 videtur,
990 2088 1089 2160 atque
1111 2078 1151 2141 ed

108 2160 220 2225 minus
234 2160 277 2224 ab
289 2159 507 2223 ecclesiastico
523 2159 636 2230 ordine
650 2157 816 2222 arcendus.

158 2243 242 2309 Ibid.
259 2244 342 2309 l.18.
365 2242 404 2307 ad
420 2256 609 2342 perpetuam
625 2263 752 2327 poenam
768 2244 977 2327 reservatum]
992 2243 1151 2329 Rigaltius

116 2327 326 2415 (Cypriacam
354 2329 410 2414 qni
439 2327 593 2410 ediderat)
624 2327 680 2405 ait,
710 2326 774 2391 Dei
800 2327 921 2410 jndicio
952 2339 1151 2393 tesmonium.

114 2415 201 2477 Nom
210 2411 354 2477 Ecclesia
366 2412 562 2496 poenitentiae
574 2423 693 2494 tempus
706 2433 766 2475 non
780 2412 877 2475 dubit.
899 2412 965 2475 Nec
978 2424 1043 2477 turn
1056 2437 1154 2498 grove

111 2508 274 2581 pmcotnm
288 2498 384 2561 etium
400 2498 434 2560 in
452 2507 550 2560 morte
564 2496 713 2575 remittet,
727 2495 788 2560 nisi
802 2496 994 2561 restitutione
1007 2498 1154 2584 satisfac·

115 2581 305 2666 tumfnerit.
328 2584 492 2649 Faetus.

160 2666 513 2744 lbid.l.19.ecclesiae
536 2665 696 2750 deposita]
718 2667 783 2729 Seu
804 2666 1034 2731 ecclesiasticas
1056 2688 1154 2751 pecu·

116 2751 197 2831 nias,
220 2773 293 2837 quae
315 2750 481 2815 viduorum
503 2761 532 2814 et
554 2749 747 2834 pupillorum
771 2751 910 2833 deposito
931 2753 1154 2830 censebantur,

115 2836 195 2921 quia
208 2857 320 2899 eorum
334 2834 602 2899 sublevandorum
619 2834 724 2919 gratia
741 2835 956 2913 servabantur,
970 2851 1008 2900 ut
1022 2840 1062 2899 ex
1077 2837 1151 2901 sub·

116 2919 264 3004 sequenti
278 2919 423 3004 Epistola
435 2919 486 2983 vii.
502 2942 534 2982 n.
552 2935 578 2983 1.
597 2920 749 3003 colligere
765 2932 825 2997 est,
843 2923 906 2999 (49.
921 2920 1011 2997 aliter
1025 2935 1074 2985 52.
1090 2922 1154 3005 Ep.

119 3003 493 3089 Cypr.)—Nicostrutam
506 3027 576 3067 vero
591 3003 728 3079 diaconio
744 3015 863 3068 sonctce
877 3005 1156 3071 administrationis

117 3087 230 3151 amisso
246 3086 457 3152 eccesiasrtctr
474 3087 612 3172 pecuniis
630 3087 783 3174 sacrilego
794 3087 916 3172 froude
934 3088 1110 3166 subtractis,
1124 3099 1155 3155 st

116 3170 284 3236 niduomtm
299 3194 336 3235 ne
347 3171 539 3257 pupilianam
555 3173 698 3256 depositis
710 3184 817 3256 posteo
831 3173 1000 3259 denegatis,
1013 3194 1074 3236 non
1090 3181 1155 3237 tam

118 3257 154 3321 in
167 3255 315 3341 Africum
336 3258 396 3321 &a
433 3260 505 3321 Nec
528 3257 659 3342 difficile
676 3271 743 3321 erat
763 3256 912 3334 diacon0,
932 3257 986 3320 cui
1004 3256 1156 3341 pecunius

117 3363 191 3407 rum
215 3339 343 3404 illarum
364 3340 559 3426 dispensatio
578 3341 780 3419 credebatur,
801 3341 989 3426 hujusmodi
1010 3340 1157 3428 deposita

116 3424 278 3489 fraudare.
302 3424 527 3490 Cousrnnr.
668 3483 673 3490 .
1105 3490 1108 3496 4
1143 3466 1146 3473 ·
1248 3498 1251 3503 ,

165 3509 248 3573 Ibid.
264 3510 287 3573 l.
300 3524 349 3573 20.
371 3523 537 3575 auctorem
558 3509 752 3594 schismatis]
770 3509 868 3576 Colb.
891 3511 967 3577 MS.
990 3534 1059 3576 cnm
1083 3533 1156 3577 cuc—

119 3605 188 3656 rore
207 3592 391 3657 schismatis.
435 3595 595 3659 Eraristus
610 3608 724 3659 auctor
738 3594 917 3661 schismatis
933 3596 1061 3674 dicitur,
1076 3619 1157 3684 qua-

109 3691 217 3745 tenus
234 3677 305 3742 aliis
325 3689 438 3743 auctor
456 3679 519 3745 fuit
540 3692 576 3743 ut
598 3678 680 3743 illud
703 3694 920 3765 sequerentur.
963 3683 1082 3768 Neque
1097 3682 1158 3749 hac

119 3761 303 3840 molitione,
317 3762 415 3826 etiam
430 3777 600 3848 postquam
615 3764 656 3826 de
669 3764 855 3849 episcopatu
870 3764 1014 3850 dejectus
1027 3780 1088 3846 est,
1097 3768 1158 3833 ab·

119 3846 217 3911 stitit.
262 3847 425 3932 Quocirca
441 3847 624 3934 Cyprianus
640 3847 722 3912 infra
737 3849 839 3933 Epist.
851 3850 904 3915 vii.
920 3854 994 3933 (49.)
1012 3844 1160 3918 rescribit

120 3950 199 3997 eum
212 3930 355 3995 veritatis
368 3931 493 4016 ocfidei
506 3933 701 4018 naufragum
708 3931 839 4016 foetum
853 3934 935 3998 circo
948 3936 1096 4020 quosdam
1108 3937 1159 4001 sni

121 4013 242 4079 similes
253 4014 346 4100 perio
360 4015 533 4103 suffragio
547 4037 782 4082 conemur.
821 4019 978 4085 Praeterea
991 4021 1019 4084 si
1034 4020 1160 4089 Eraria-

120 4113 179 4165 tus
196 4099 267 4179 iste,
282 4114 319 4165 ut
338 4100 429 4165 valde
447 4101 614 4186 probabile
635 4113 695 4179 est,
709 4102 882 4167 Novatiani
901 4104 1066 4170 ordinator
1084 4102 1159 4187 fuit,

123 4184 252 4251 doeiesis
272 4194 379 4251 nector
398 4207 463 4253 non
482 4186 646 4253 immerito
667 4186 856 4274 appellatur,
874 4190 931 4276 qui
950 4189 1012 4257 hee
1026 4189 1158 4261 ordine·

620 4284 673 4336 os
