2678 4756
236 303 292 374 ru
314 306 348 373 s.
369 301 626 372 nucrsuuu
648 297 922 368 maurusam.
1038 315 1099 387 295

60 485 149 544 1168.
165 477 217 544 cd.
230 475 444 544 benedictin«
454 477 685 562 Socratemque
699 471 788 538 His.
800 469 889 537 Eccl.
903 470 937 535 ii.
955 484 1001 534 ιο.
1018 468 1100 534 Con·

45 563 152 648 sessio
163 563 311 650 quaedam
326 562 412 626 Fidei
425 563 458 627 in
472 562 679 629 Antiocheno
689 557 851 636 Concilio,
862 576 947 622 anno
957 567 1027 620 341.
1041 575 1100 635 oc·

56 647 188 713 melone
205 648 431 713 Encaeniorum
445 646 619 725 celebrato,
634 654 787 710 unacum
804 641 929 708 duabus
949 640 1019 705 aliis
1033 640 1100 721 for·

55 733 156 818 mulis
169 732 306 819 prolata,
321 754 431 818 quam,
447 743 577 796 auctore
595 732 778 795 Sozomeno
793 727 881 792 Hist.
896 725 986 791 Eccl.
1001 724 1053 824 vii.
1068 738 1100 790 s.

56 817 188 882 aiebant
200 817 314 883 Ariani
338 838 372 881 se
391 818 545 903 reperisse
564 816 716 901 scriptam
737 834 835 878 manu
849 811 950 899 ipsius
964 808 1100 875 Lucrani

55 902 222 990 martyris·
260 900 385 986 Ἔλεγον
399 903 427 964 δὲ
440 902 542 979 ταύτην
556 906 604 980 τὴν
617 899 700 980 visu
713 899 869 986 ὁλόγςαφον
884 894 1020 982 edpqur'vor
1033 898 1099 958 Ae·

56 994 164 1071 κιᾳνοῦ,
178 992 227 1050 τοῦ
248 990 275 1049 iv
294 986 464 1072 Νικομηδείᾳ
476 1009 712 1072 μαρτυρησαντος,
726 985 820 1069 ἀνδρὸς
833 983 871 1045 τά
884 1007 917 1045 τε
930 979 1010 1044 ἄλλα
1023 981 1099 1044 uolo-

56 1071 604 1238 mammas
623 1067 707 1238 ²:33:
723 1063 1101 1234 {attrectat

54 1224 130 1322 parv
150 1246 199 1302 τοῦ
220 1240 370 1324 μάρτυρος,
392 1182 486 1325 {lydi
507 1245 556 1304 οὐκ
575 1178 648 1324 ἕχγορ).
682 1240 765 1302 Haec
781 1236 846 1301 ille.
878 1241 920 1322 Τῇ
938 1213 1100 1320 γὴσιᾶτήτι

57 1324 192 1411 quidem
207 1325 317 1411 scripti
333 1325 438 1389 favent
453 1346 527 1388 cum
542 1324 609 1403 alii,
624 1336 694 1388 tum
708 1342 783 1386 vero
798 1320 915 1406 Casius
929 1332 962 1384 et
976 1321 1100 1401 Basna·

57 1408 134 1494 gius
144 1432 155 1487 3
177 1431 281 1495 neque
298 1410 401 1473 inesse
422 1409 452 1473 ei
471 1409 649 1496 quidquam
668 1406 802 1483 videtur,
817 1402 906 1492 quod
923 1426 946 1468 a
964 1403 1101 1470 Luciani

55 1494 273 1579 temporibus,
288 1493 337 1558 vel
351 1494 392 1557 ab
407 1493 587 1559 orthodoxa
601 1492 676 1572 fide,
690 1491 880 1569 abhorreat3
901 1489 962 1560 nisi
976 1490 1003 1569 si
1016 1491 1101 1579 forte

57 1577 175 1664 aliquis
190 1600 312 1659 sensus,
324 1592 362 1643 ut
373 1579 476 1642 verbis
491 1578 664 1643 Sozomeni
678 1589 762 1654 utar,
774 1576 855 1640 mihi
869 1575 1101 1662 incompertus,

57 1661 93 1726 in
107 1662 210 1726 verbis
229 1662 299 1749 ejus
320 1663 429 1727 lateat.
474 1663 578 1728 Possit
600 1675 707 1727 tamen
728 1661 851 1747 phrasis
874 1661 981 1748 aliqua
998 1661 1103 1726 inesse

58 1746 179 1825 eidem,
195 1747 281 1811 haud
302 1747 496 1812 satisfaciens
516 1750 650 1813 fortasse
672 1746 884 1832 temporibus,
924 1769 974 1810 uae
992 1758 1103 1817 secuta

58 1845 136 1896 sunt
141 1855 151 1911 3
164 1831 220 1896 sed
235 1832 408 1914 S.,Hilar'io
419 1834 611 1919 opusculum
623 1831 781 1919 placuisse
793 1830 910 1895 haudo
933 1829 1033 1895 livisci
1045 1831 1102 1895 de·

57 1916 187 1981 Minus.
232 1917 377 2004 Benigne
391 1939 520 2004 quoque
541 1918 581 1983 de
599 1919 659 1982 hac
678 1915 751 1981 fidei
766 1916 906 1980 formula
920 1916 1020 1981 sensit
1036 1917 1102 1995 Ba·

57 2002 171 2066 ronius
186 2002 219 2066 in
234 2003 332 2066 Notis
348 2001 388 2066 ad
403 2003 579 2089 Murtyml.
594 2002 779 2080 Romanum,
798 2000 832 2064 in
853 2023 919 2088 quo
940 2013 1103 2087 martyro-

58 2085 154 2171 logio
174 2086 216 2152 ad
238 2089 310 2152 Jan.
331 2098 362 2163 7.
384 2088 466 2153 inter
491 2089 553 2153 alia
574 2088 730 2174 scriptum
751 2098 813 2165 est,
838 2085 944 2150 laudes
967 2085 1104 2151 Lucium

59 2181 204 2234 sunctum
217 2173 368 2236 Joounem
385 2173 636 2259 chrysostomum
649 2171 866 2250 celebravisse3
882 2194 955 2256 quae
968 2170 1103 2257 quidem

60 2256 211 2320 Humilia
224 2257 330 2322 adhuc
346 2271 496 2322 servatur.
541 2260 652 2345 Quum
667 2279 742 2322 vero
755 2269 871 2342 praeter
883 2258 1103 2323 Sozomenum

10 2344 14 2349 ’
61 2361 162 2405 nemo
188 2342 282 2405 istam
315 2341 507 2408 Arianorum
535 2343 707 2428 praesulurn
736 2342 949 2406 narrationem
977 2342 1105 2429 uspiam

43 2427 298 2504 memoraverit,
314 2426 417 2514 deque
432 2428 562 2493 veritate
582 2427 651 2514 ejus
667 2426 736 2512 ipse
749 2424 836 2490 idern
853 2426 1025 2492 historicus
1039 2427 1103 2492 du·

60 2511 222 2589 bitaverit,
247 2511 297 2575 vix
323 2512 473 2598 equidem
498 2514 602 2577 ausim
628 2534 702 2576 curn
730 2510 772 2575 cl.
795 2510 893 2576 Bullo
914 2513 1105 2599 symbolum

60 2595 150 2660 istud
170 2597 281 2659 afferre
304 2610 456 2682 tanquam
478 2620 498 2661 a
519 2597 664 2661 Luciano
686 2595 906 2661 indubitanter
927 2597 1104 2683 scriptum3

60 2680 124 2743 etsi
138 2693 253 2745 auctor
269 2679 474 2767 Dialogorum
488 2683 525 2746 de
541 2683 574 2746 S.
587 2681 744 2746 Trinitate
765 2681 848 2746 inter
861 2680 1033 2747 Athanasii
1053 2698 1104 2748 at·

60 2779 128 2850 que
147 2765 345 2830 Theodoreti
365 2788 462 2851 opera
482 2767 599 2844 editus,
614 2767 670 2852 qui
689 2779 841 2852 vergente
864 2767 904 2832 ad
925 2767 1021 2832 finem
1044 2789 1105 2832 sae-

61 2849 140 2912 culo
158 2863 274 2936 quarto
293 2852 428 2914 fortasse
446 2852 565 2930 floruit,
580 2850 666 2915 idem
687 2851 844 2937 scriptum
866 2850 1002 2916 Luciani
1022 2874 1104 2934 esse,

61 2934 222 3019 particula
250 2935 320 3022 ejus
345 2936 496 3015 adducta,
525 2936 708 3011 crediderit.
755 2935 821 3000 Sed
847 2937 1005 3022 γνησιότητι
1034 2939 1107 3025 ejus

61 3018 205 3083 maxime
224 3041 380 3106 opponas,
397 3023 485 3109 quod
506 3021 668 3087 adnotavit
689 3020 794 3086 editor
814 3021 1042 3086 Benedictinus
1062 3023 1106 3088 ad

62 3101 241 3182 Hilarium,
263 3106 320 3168 ubi
341 3129 457 3192 supra:
487 3114 510 3147 “
524 3106 685 3194 Quasdam
710 3105 841 3192 (inquit)
870 3128 909 3170 ex
932 3107 1002 3204 ipsa
1026 3128 1106 3183 cons

62 3195 86 3228 “
101 3187 251 3265 sessione,
263 3190 474 3270 Athanasius,
485 3205 523 3256 ut
536 3214 613 3255 mox
627 3190 845 3268 ostendemus,
857 3190 1020 3271 adscnbit,
1034 3205 1107 3258 tan·

62 3278 88 3312 “
102 3293 199 3358 quam
211 3274 253 3337 ab
264 3276 385 3340 Acacio
396 3289 430 3340 et
443 3277 583 3341 Eusebio
598 3276 631 3340 in
645 3274 804 3343 En'caeniis
817 3273 952 3360 prolata,
964 3275 1106 3358 Aeacius
1157 3272 1159 3277 ’

35 3371 38 3375 .
60 3363 87 3397 «ε
102 3378 177 3421 vero
192 3357 285 3444 plura
298 3359 443 3448 ejusdem
458 3363 554 3434 verba
567 3361 697 3429 Asterie
710 3359 866 3436 attribuit,
910 3361 1030 3447 Neque
1044 3363 1106 3437 ob·

61 3444 87 3482 “
103 3462 196 3507 scure
209 3443 315 3514 innuit
329 3446 483 3524 Hilarius,
498 3468 554 3511 eos
575 3446 673 3530 ipsos,
688 3446 745 3530 qui
764 3442 788 3508 S
814 3443 900 3509 nodo
918 3445 1104 3529 intererant,

62 3525 252 3592 “formulae
273 3528 371 3616 hujus
392 3531 534 3595 extitisse
556 3531 735 3596 auctores.''
781 3468 880 3595 don-0
897 3551 972 3595 cum
984 3546 1107 3608 auctor

61 3610 120 3675 ille
136 3611 345 3700 Dialogorum
357 3615 395 3678 de
408 3614 563 3679 Triuitute
583 3616 612 3678 ei
632 3615 782 3700 quaedam
800 3613 962 3680 addidisse
976 3615 1106 3685 haereti·

62 3718 134 3774 cos,
148 3718 181 3760 se
196 3719 290 3782 posse
327 3700 439 3764 robare
452 3700 528 3778 aiat,
543 3699 631 3764 Dial.
645 3721 707 3764 111.
722 3701 793 3784 ipso
808 3699 878 3765 init.
894 3724 1043 3787 quaenam
1057 3716 1107 3784 ta·

63 3802 143 3850 men
158 3781 287 3856 fuerint,
302 3720 389 3848 ldaud
404 3785 566 3863 ostendat,
582 3806 622 3848 eo
637 3785 743 3848 minus
758 3783 862 3849 valere
880 3786 911 3849 in
930 3786 1017 3869 illius
1031 3809 1107 3874 gra-

62 3866 145 3928 tiam
160 3867 381 3956 testimonium
400 3869 502 3954 possit
520 3869 618 3946 istud,
637 3869 724 3969 quod
740 3869 837 3934 simul
850 3879 1042 3957 corruptum¹
1052 3874 1106 3938 fu·

61 3951 129 4014 isse
144 3964 333 4034 'germanum
351 3955 486 4018 Luciani
500 3977 584 4054 opus
597 3954 686 4019 dicrt.
717 3954 782 4019 Sed
796 3977 883 4033 vero,
897 3957 1050 4042 quicquid
1065 3958 1107 4023 de

62 4035 128 4098 hac
155 4057 189 4098 re
217 4049 374 4101 statuatur
386 4064 396 4116 3
430 4062 583 4125 quomam
611 4039 900 4117 abunde-constat,
926 4042 1106 4108 Lucianum

63 4119 186 4204 ipsum,
201 4119 278 4185 dum
294 4123 422 4202 viveret,
437 4125 672 4210 suspicionibus
694 4124 951 4189 orthodoxorum
971 4126 1108 4192 obnoxi-

63 4226 123 4291 um
137 4204 236 4271 fuisse
245 4230 255 4286 3
278 4207 415 4276 videnda
427 4223 478 4276 cst
491 4211 577 4276 enim
594 4211 676 4277 inter
695 4209 757 4276 alia
775 4209 817 4276 ad
835 4209 918 4285 hanc
932 4232 1000 4276 rem
1015 4233 1107 4300 spec,

560 4308 620 4396 vr
