2678 4756
292 274 345 341 ΙΝ
366 270 596 339 CONCILIA
619 270 740 339 CART
741 271 854 339 HAG.
1035 288 1100 358 ιη

52 447 173 517 svium
186 441 439 511 sollicitudinem
460 442 597 509 aliorum
619 443 878 530 praepositorum,
892 462 950 528 per
965 441 1103 509 aliarum

51 530 265 605 ecclesiarum
284 528 467 614 episcopos,
483 551 623 614 quorum
642 530 777 594 consilia
798 527 910 593 divinis
930 529 1104 615 preceptis.

52 616 262 704 respondent.
288 616 506 679 ureris-ms
520 637 540 678 a
556 615 645 679 Fello
658 614 784 679 allatus.

99 704 135 767 P.
144 716 195 767 80.
212 702 235 765 l.
249 716 279 765 5.
300 711 330 764 et
344 701 454 764 Aaron
469 700 640 784 oppositos]
659 701 764 763 LXX.
779 699 948 797 προστεθεὶς
962 696 1100 763 ἀποθανέ-

52 814 96 853 w
111 791 178 852 ἐκεῖ.
214 785 368 871 Vulgata,
383 784 549 872 colligetur
563 797 593 850 et
610 785 759 849 morietur
774 784 829 864 ihr,
845 784 880 849 h.
890 806 920 849 e.
935 782 1101 871 colligatus·

51 873 98 938 ad
119 886 228 959 patres
249 893 336 935 suos.
382 873 432 934 Ita
446 870 540 935 codex
554 871 704 935 Mensis
719 893 738 935 a
752 870 888 953 Baluzio
902 884 1102 935 memoratus

53 956 166 1038 habet,
179 968 210 1023 et
221 956 331 1022 Aaron
345 955 504 1041 oppositus
519 957 560 1021 cd
572 967 678 1041 potres
693 978 762 1020 suos
776 955 937 1020 moriatur.
960 956 1102 1042 Anglica

53 1043 238 1108 Bibliorum
253 1042 366 1121 versio,
382 1042 423 1105 od
432 1041 584 1126 populans
598 1064 700 1106 snum.
1102 1078 1105 1085 ·

100 1128 185 1193 Ibid.
198 1128 221 1193 l.
235 1139 265 1204 7.
288 1128 505 1192 ordinationes
526 1126 740 1192 sacerdotales
763 1147 829 1189 non
849 1125 909 1190 nisi
932 1123 1009 1207 δια]
1024 1127 1101 1193 Hoc

54 1214 204 1300 exemplo
226 1211 485 1277 Christianorum
507 1212 691 1277 Alexander
715 1212 848 1276 Severus
874 1210 1104 1297 dispositiones

55 1321 131 1364 suas
146 1298 345 1384 publicabat,
358 1299 415 1363 ubi
430 1299 556 1384 aliquos
571 1299 699 1363 volebat
714 1296 761 1360 vel
777 1310 917 1361 rectores
932 1296 1103 1382 provinciis

55 1383 146 1463 dare,
160 1382 209 1449 vel
252 1385 418 1468 raepositos
433 1384 548 1463 faeere,
562 1385 611 1448 vel
631 1383 868 1469 procuratorem
883 1381 915 1446 id
933 1396 982 1447 est
1003 1382 1103 1447 ratio-

56 1469 158 1549 nales,
181 1491 218 1533 or
242 1469 348 1534 inare:
378 1469 510 1533 nomina
535 1492 646 1534 eorum
672 1468 886 1553 proponebat,
911 1467 1105 1554 dicebatque

54 1576 156 1645 grave
176 1576 247 1619 esse
290 1577 367 1619 uum
390 1554 424 1618 id
445 1554 621 1621 Christiani
637 1567 670 1618 et
683 1555 704 1619 J
707 1553 791 1618 udaei
805 1554 946 1618 facerent
964 1555 997 1617 in
1015 1553 1102 1619 ordi·

56 1639 173 1707 nandis
187 1577 419 1720 saceidotibus,
435 1662 499 1704 non
515 1640 581 1704 lieri
600 1643 632 1703 in
654 1639 888 1725 provinciarum
909 1639 1103 1720 rectoribus,

58 1726 123 1791 &c
135 1748 208 1812 quae
223 1725 308 1810 apud
324 1724 560 1810 Lampfltlium.
580 1727 798 1790 chanrrus
815 1747 834 1788 a
851 1723 940 1789 Fello
955 1724 1083 1790 allatus.
1214 1788 1217 1793 .

102 1811 188 1875 Ibid.
203 1810 226 1874 l.
243 1822 290 1874 14.
312 1810 476 1895 apostolo]
493 1811 602 1875 Antea
617 1812 785 1898 legebatur
799 1811 947 1894 episcopo.
982 1811 1104 1877 Veram

56 1894 233 1963 lectionem
259 1895 351 1965 nobie
375 1895 659 1962 subministrarunt
682 1897 742 1960 tria
767 1909 874 1959 vetera
900 1896 1104 1981 exemplaria.

56 1982 272 2058 Bauuzrus.
316 1981 382 2045 Sed
400 1982 489 2067 prius
509 1984 657 2048 restituta
678 2005 698 2046 a
717 1981 806 2046 Fello
827 1981 932 2047 fuerat
951 2003 1013 2046 vox
1032 1996 1109 2068 upo-

53 2065 137 2137 stolo
152 2089 193 2133 ex
207 2081 346 2152 quatuor
359 2066 537 2132 codicibus.
1105 2104 1109 2109 -

102 2151 190 2217 Ibid.
203 2152 227 2217 l.
247 2167 293 2216 15.
317 2152 350 2215 r'n
363 2151 462 2216 medio
476 2151 672 2236 discentiam]
692 2151 762 2229 Ait,
778 2150 855 2215 Aet.
870 2151 891 2215 i.
912 2154 938 2214 ἐν
957 2149 1036 2237 μέσῳ
1051 2161 1109 2217 τῶν

53 2243 204 2321 μαθητῶν.
239 2237 341 2322 Vulg.
363 2237 606 2322 discipulorum.
630 2239 848 2302 chaurrus
872 2259 892 2300 a
913 2237 1003 2301 Fello
1023 2236 1105 2302 alla·

58 2336 124 2391 tus.
162 2323 242 2387 Tres
255 2322 329 2387 libri
344 2338 478 2402 veteres,
491 2321 726 2408 discipolorum,
742 2321 858 2387 eodem
873 2343 980 2386 sensu.
1005 2322 1106 2387 Paulo

57 2420 138 2495 post
151 2428 281 2508 quoque
300 2408 456 2493 scriptum
475 2422 524 2473 est
544 2408 775 2493 discipolorum.
821 2407 921 2493 Apud
934 2406 1111 2473 Tertullin-

59 2516 140 2561 num
156 2515 191 2559 ru
205 2494 289 2561 libro
301 2493 343 2558 de
355 2493 558 2575 l'oenitentia,
569 2494 623 2558 Ad
634 2493 725 2558 arrius
737 2491 862 2581 quidem
874 2492 1020 2558 discentis
1030 2492 1107 2581 glo·

10 2629 14 2637 .
57 2579 161 2655 duam.
189 2578 275 2644 Vide
290 2592 383 2645 notas
398 2579 542 2644 Pamelii.
566 2581 778 2645 Breucum.
1106 2615 1112 2634 .-

104 2664 190 2733 lbid.
201 2664 277 2751 fuit
291 2675 397 2729 cutem
412 2664 504 2728 turba
521 2665 555 2729 r'rr
568 2666 642 2749 nno]
665 2667 707 2729 erl
720 2666 751 2728 τὸ
765 2662 843 2728 αὐτό.
878 2665 952 2750 lpse
969 2664 1109 2752 Cypria-

58 2772 129 2817 nus.
145 2749 304 2837 principio
326 2748 424 2837 hujus
446 2752 553 2836 Epist.
576 2751 655 2814 Corn
680 2750 714 2814 in
734 2772 832 2814 unam
854 2749 1113 2816 convenissemus..

60 2834 147 2911 Peal.
160 2836 242 2900 cxxi.
258 2837 288 2914 ἧς
301 2842 317 2912 ἡ
330 2839 440 2921 μετοχὴ
456 2840 538 2912 αὐτῆς
552 2836 594 2899 ἐπὶ
610 2834 643 2899 τὸ
658 2836 737 2900 αὐτό.
763 2837 982 2900 Rreaurws
999 2857 1019 2900 a
1034 2836 1113 2901 Fet--

58 2920 97 2997 lo
110 2920 236 2995 allatus.
284 2921 441 3007 (Vulgata
455 2921 563 3000 habet,
579 2931 647 2985 erut
660 2930 765 2985 antem
783 2919 941 2984 lominum
957 2919 1048 2985 rarle
1063 2921 1109 2986 si·

59 3003 217 3106 mulsere
239 3017 362 3071 centurn
384 3005 511 3093 viginti.
545 3007 658 3092 Atque
676 3005 754 3071 audi
774 3005 959 3085 Bnluziurn,
981 3007 1038 3104 qui
1057 3028 1109 3072 re-

58 3103 185 3178 poeurt,
201 3091 275 3241 {uit
301 3102 407 3155 ortem
430 3089 523 3155 turbo
548 3091 706 3157 hominnm
721 3091 798 3177 fere
821 3102 943 3156 cantora
965 3091 1107 3179 cogisti.)

59 3179 174 3247 Antea
191 3177 202 3241 i
226 3178 238 3242 i
259 3177 414 3262 scripturn
434 3189 502 3242 erat
524 3176 616 3240 turba
636 3176 668 3241 in
688 3199 747 3241 uno
763 3175 812 3240 vel
830 3176 864 3241 r‘rr
883 3199 990 3242 unam.
1034 3178 1109 3245 Nos

60 3261 305 3341 empndavimus
318 3276 353 3326 et
373 3262 591 3349 supplevimus
606 3284 645 3326 ex
659 3262 723 3346 fide
738 3274 879 3348 quatuor
893 3274 1037 3327 veterum
1052 3283 1114 3328 exa.

60 3370 116 3415 cm
140 3347 269 3413 larium.
314 3349 413 3413 Recte
439 3370 524 3413 sane.
569 3349 657 3412 Nam
676 3348 709 3411 in
728 3347 855 3412 actibus
871 3347 1108 3432 apostolorum,

62 3369 152 3511 uude
172 3447 324 3519 acceptus
347 3446 398 3497 est
418 3432 470 3497 hic
492 3435 595 3511 locus,
609 3433 730 3518 legitur
740 3432 817 3519 fere
838 3443 960 3496 centum
981 3433 1013 3497 oi
1037 3432 1115 3500 inti..

60 3518 278 3595 Bascama.
307 3518 361 3582 Sic
376 3518 422 3584 vir
435 3519 477 3582 cl.
500 3521 611 3668 &uum
629 3540 703 3583 vero
717 3518 788 3583 haec
802 3518 900 3583 lectio
914 3541 954 3584 err
972 3455 1111 3607 Vaigcto

63 3600 182 3689 interp.
201 3602 367 3691 Cypriane
386 3618 461 3689 post
481 3627 501 3668 a
525 3617 613 3668 vecta
633 3625 703 3669 esse
725 3604 805 3669 mihi
825 3603 994 3683 videretur,
1012 3618 1115 3693 prout

63 3688 137 3777 ipse
153 3710 285 3776 quoquc
302 3687 456 3755 Baluzius
478 3690 518 3754 de
538 3689 603 3755 alio
623 3688 698 3754 loco
719 3689 916 3777 Cyprianico
935 3713 955 3756 a
973 3690 1111 3757 librariis

63 3788 194 3843 mutato
216 3774 258 3839 ad
276 3795 354 3860 pag.
371 3786 421 3852 79.
438 3773 650 3862 judicaverat,
668 3788 807 3840 veterem
826 3775 1000 3841 lectionem
1020 3798 1112 3842 revo-

64 3858 204 3937 candam
218 3881 289 3925 esse
300 3859 424 3933 censui.
448 3861 570 3926 Confer
581 3875 615 3925 et
626 3872 736 3931 notam
749 3861 895 3948 proxime
909 3875 1111 3949 sequentem.

110 3945 196 4015 Ibid.
211 3945 234 4013 l.
245 3959 297 4010 20.
322 3956 421 4009 totam
438 3944 574 4032 plebem]
590 3947 667 4011 Act.
683 3947 723 4011 vi.
738 3962 769 4010 2.
793 3948 1062 4032 προσκαλεσάμνοι
1081 3950 1113 4017 δὲ

60 4037 92 4111 ,¹¹
105 4030 213 4096 ὃόδεκα
226 4031 259 4097 τὸ
272 4036 378 4107 πλῆθος
392 4041 446 4096 τῶν
459 4038 605 4114 μαθητῶν.
628 4044 661 4101 et
674 4037 705 4097 6.
720 4032 829 4097 ἐνώπιον
842 4035 952 4107 παντὸς
964 4039 1013 4099 τοῦ
1027 4033 1113 4112 antiq

66 4121 144 4193 θρυς.
188 4117 343 4185 Parianus
368 4118 515 4204 Epistola
534 4139 597 4184 111.
621 4118 713 4203 cojus-
730 4129 837 4218 portes
862 4117 896 4182 r'n
917 4139 1024 4183 caum.
1046 4119 1112 4187 Rr-

68 4221 245 4281 mrws
260 4224 282 4271 a
296 4201 387 4273 Fello
401 4202 531 4275 allatus.
573 4204 653 4275 Duo
667 4203 890 4287 tibarenses,
905 4212 1005 4273 toran
1026 4200 1119 4275 nul-r
