2678 4756
284 280 337 365 'ru
360 277 569 364 corsuum
591 280 795 363 urucas,
821 291 1046 402 crunnus,
1116 291 1177 376 481

143 468 312 530 Gerontius.
397 480 401 486 '
518 477 520 483 '
588 469 734 547 (Periisse
748 465 829 547 paler
840 423 1018 545 illuminas¹

590 550 688 626 (Pater
701 553 868 628 Ancyranus
879 561 908 607 et
918 551 1064 607 NicaenuS.
1088 548 1175 607 Urbis

171 702 174 708 Ι
296 676 300 683 .
607 633 694 711 ipsius
715 632 909 691 Neocaesarea
927 633 1112 709 'episcopum'
1128 629 1178 688 sed

145 710 308 791 Longinus.
377 709 379 715 ⁸
609 713 748 786 Λογγιανὸς
767 714 797 768 in
818 713 962 769 Theodori
981 713 1111 786 Catalogo
1125 712 1178 768 Ni·

606 813 747 862 cornorum,
775 804 806 849 ut
838 813 922 872 supra
948 793 1019 861 dixi,
1046 793 1177 850 nomina·

605 875 675 947 tus.)

144 958 281 1016 Sanctus.
591 953 637 1030 (P.
648 954 684 1014 V.
698 946 858 1030 Xuntulus.)

350 1067 352 1071 ·
591 1036 638 1111 (P.
649 1037 685 1095 V.
701 1039 873 1094 Pbulmincn.
900 1035 967 1092 For.
986 1044 1067 1112 pater
1081 1034 1178 1109 Ancy-

144 1117 308 1176 Saloninus
323 1115 359 1174 al.
375 1116 526 1176 Salminus.
553 1049 586 1260 ἱ
608 1136 691 1174 ranus
702 1118 882 1176 etNicaenus.
897 1117 960 1174 Vid.
971 1114 1177 1196 supraadCon·

607 1200 654 1257 o'l.
664 1202 800 1275 Ancyrae.
815 1219 842 1276 p,
855 1199 924 1254 453.

144 1276 249 1338 Rudus
264 1279 301 1338 al.
314 1277 421 1338 Redus.
591 1278 650 1352 (De
664 1298 699 1335 eo
714 1280 778 1336 silet
792 1279 824 1336 P.
836 1280 885 1355 lb)

145 1360 294 1421 nicasius.
509 1364 514 1371 '
591 1360 690 1433 (Patet
703 1360 864 1434 Nicaemr's.)
939 1382 942 1387 ·
991 1362 995 1367 “

145 1433 192 1504 Et
206 1430 314 1517 ceteri,
328 1435 384 1525 qui
399 1450 577 1504 statuerunt
591 1438 734 1523 superius
749 1440 905 1525 nuptast-2
926 1480 930 1487 -
1078 1509 1081 1515 ,

192 1523 293 1601 Haud
313 1536 402 1588 extat
420 1523 509 1589 istud
531 1524 681 1589 ultimum
702 1524 735 1588 in
755 1522 1037 1603 PriscaVcrsio'ne,
1053 1522 1109 1589 ubi
1123 1535 1182 1609 pro

146 1609 278 1675 duobus
291 1609 353 1690 illis
365 1609 510 1696 patribus
522 1609 630 1694 Lupus
640 1617 674 1675 et
684 1609 791 1674 Rudas
800 1610 1085 1675 duorumaliorum
1101 1614 1184 1695 prae2

146 1695 257 1760 sulum
272 1694 404 1760 nomina
416 1694 513 1760 Pauli
528 1710 560 1760 et
574 1694 671 1776 Selii,
686 1695 742 1760 sed
757 1696 822 1761 alio
840 1696 964 1775 ordine,
978 1695 1083 1781 posita
1096 1706 1184 1760 sunta

146 1773 278 1846 Interea
299 1781 411 1846 decem
431 1782 545 1846 saltem
564 1803 605 1845 ex
624 1781 737 1846 decem
754 1796 788 1847 et
807 1803 921 1846 novem
940 1782 993 1844 hie
1013 1778 1185 1844 nominatis

146 1865 316 1954 Ancyrani
331 1868 471 1946 fuerunt,
488 1888 600 1931 novem
616 1880 725 1931 autem
739 1879 773 1931 et
787 1867 921 1932 fortasse
937 1866 1043 1952 plures
1060 1887 1100 1930 ex
1121 1864 1183 1928 illis·

145 1951 289 2032 Nicaeni,
306 1952 391 2017 haud
407 1965 514 2017 tamen
529 1952 643 2016 eodem
664 1952 775 2016 ordine
793 1954 825 2017 in
843 1953 923 2016 istac
936 1953 1103 2030 Versione,
1116 1971 1185 2036 quo
1253 1972 1256 1979 ’

146 2037 185 2103 in
202 2037 310 2101 Codice
324 2039 460 2103 Romano
480 2038 642 2103 collocati.
658 2057 661 2065 '
687 2040 764 2103 Post
783 2037 947 2106 Versionis
968 2051 1076 2101 autem
1099 2035 1185 2100 e'us-

147 2122 227 2187 dem
241 2123 440 2208 Justellianae
456 2122 661 2209 Catalogum,
677 2113 774 2211 quem
796 2147 860 2189 una
880 2145 955 2186 cum
977 2123 1083 2186 alteris
1103 2059 1187 2186 duo·

149 2209 215 2276 bus
228 2207 388 2273 indicibus
406 2209 439 2273 in
454 2209 595 2274 editione
613 2231 670 2273 sua
687 2208 810 2275 addidit
831 2208 1028 2287 Harduinus,
1047 2209 1116 2272 haec
1133 2207 1188 2272 ille

149 2295 287 2374 notauit,
301 2300 324 2363 ‘.‘
334 2295 428 2359 Alios
450 2298 578 2380 (patres)
597 2295 793 2361 habent-alii
812 2295 902 2362 MSti
923 2294 1055 2358 mirifice
1078 2298 1189 2358 omnes

150 2371 405 2467 “interpolati''
450 2379 559 2468 Hujus
575 2394 682 2446 autem
704 2381 852 2446 editionis
873 2379 1078 2445 Consiliorum
1094 2378 1189 2464 copia

150 2465 237 2532 mihi
251 2488 315 2530 non
331 2464 480 2530 omnibus
500 2467 699 2552 temporibus
710 2467 802 2531 iacta
818 2479 888 2544 est3
910 2476 985 2529 nam
1005 2478 1119 2530 mutuo
1133 2485 1189 2555 ac»

151 2564 323 2637 ceptama
341 2550 481 2636 collegio
502 2552 675 2617 Exoniensi
694 2552 750 2617 diu
768 2566 841 2617 ante
859 2551 1072 2631 reddideram
1093 2568 1190 2637 quam

153 2637 322 2736 catalogos
353 2636 578 2723 episcoporum
611 2638 778 2725 utriusque
807 2637 922 2725 synodi
950 2637 1003 2701 hic
1032 2652 1065 2701 et
1094 2650 1191 2722 supra

153 2722 297 2810 subje013
322 2722 355 2786 in
377 2722 510 2787 eandem
532 2745 606 2796 vero
628 2747 712 2788 nunc
734 2724 825 2790 video
849 2746 889 2787 ex
913 2722 1088 2787 Isidoriana
1110 2721 1191 2785 eol·-

153 2809 295 2875 lectione
322 2819 488 2895 sumptum
515 2810 556 2873 ab
580 2808 703 2874 editore
728 2808 826 2874 fuisse
855 2809 1038 2894 catalogum
1064 2808 1190 2893 episco-

155 2915 285 2981 porum‚
302 2894 358 2980 qui
376 2894 410 2959 in
432 2893 494 2958 hoc
514 2894 643 2980 quidem
661 2895 809 2958 Concilio
827 2893 1079 2959 Neocaesariensi
1097 2893 1191 2957 sede·

154 2991 244 3057 runt,
261 2980 378 3065 pariter
392 2990 426 3043 at
448 3000 489 3044 ue
503 2978 584 3044 duos
598 2979 715 3044 alteros
731 2979 861 3044 Codicis
876 2979 1011 3042 Romani
1024 2999 1061 3042 ac
1076 2977 1191 3047 Priscae

156 3064 323 3130 Versionis
348 3001 546 3150 Cataiog083
577 3064 657 3130 nihil
682 3087 756 3130 vero
782 3065 823 3130 ab
841 3063 1019 3147 'Harduino
1046 3062 1192 3129 additum

156 3150 282 3236 uspiam
304 3149 453 3229 invenies,
474 3150 521 3214 vel
543 3149 583 3214 de
605 3149 776 3215 collatione
796 3149 964 3215 nominum
986 3149 1115 3216 illorum
1133 3154 1192 3234 paj-

156 3250 260 3314 trum,
275 3236 330 3321 qui
352 3236 384 3299 in
406 3236 507 3299 tribus
530 3234 684 3315 Consiliis
705 3237 858 3324 Ancyrae,
876 3236 1108 3313 Neocaesareae,
1129 3231 1193 3299 Ni·
1256 3256 1258 3260 “

155 3341 226 3384 ceae
256 3320 373 3384 habitis
398 3335 658 3407 comparuerunt,
683 3318 733 3386 vel
758 3323 810 3387 de.
826 3331 959 3387 numero
984 3342 1109 3398 eorum,
1136 3319 1193 3407 qui

157 3407 301 3494 Ancyrae
313 3405 442 3470 collecti
453 3420 537 3471 sunt.
562 3408 623 3472 Pro
634 3407 746 3473 decem
761 3421 869 3473 autem
881 3419 914 3488 et
925 3427 1039 3470 novem
1049 3405 1193 3491 patribus

144 3491 261 3555 ‘donat
278 3503 342 3556 tres
356 3504 389 3557 et
402 3490 520 3578 viginti
532 3492 607 3557 huic
628 3492 880 3559 Neocaesariensi
896 3490 1042 3555 Concilio
1058 3489 1193 3576 Synodi-

158 3594 215 3639 con
234 3576 324 3642 Vetus
347 3600 366 3641 a
387 3579 510 3642 loanne
534 3579 642 3664 Pappo
663 3574 799 3661 editum,
819 3579 922 3665 capite
934 3577 1029 3640 xxxii.
1052 3597 1126 3661 pag.
1145 3591 1193 3643 14.

157 3660 214 3726 ed.
226 3661 439 3748 Argentorat.
480 3665 587 3728 Immo
606 3664 837 3750 quinquaginta
855 3664 1022 3749 episcopos
1042 3661 1195 3727 adscribit

158 3746 203 3826 ei,
226 3745 283 3812 sed
302 3747 480 3830 fabulosius
501 3749 649 3829 fortasse,
666 3750 824 3814 Arabicus
845 3752 1073 3832 Nomocanoffln,
1097 3769 1194 3835 quem

159 3833 352 3903 memoravit
365 3834 558 3920 Beveregius
572 3857 668 3924 supra
682 3835 722 3902 ad
736 3856 811 3922 pag.
823 3840 894 3900 462.
