2678 4756
289 277 506 348 corten.
533 277 802 370 CARTHAG.
828 279 909 347 VII.
1076 301 1120 370 93

119 451 269 517 Novatus
297 471 318 515 e
343 448 556 536 Thamugsde
581 449 673 516 dixit.
716 450 811 514 Licet
839 449 979 515 sciemus
1007 470 1123 524 omnes

76 559 252 646 scripturas
265 559 487 625 testimonium
509 559 644 625 reddere
665 559 707 624 de
729 561 859 625 salutari
872 560 1047 647 baptismo,
1060 560 1120 627 dc·
1234 648 1238 655 Ι

76 670 193 733 bemus
225 684 341 751 tamen,
368 669 464 733 fidem
498 683 640 735 nostram
668 671 858 755 exprimere,
888 670 1059 735 haereticos
1085 658 1140 736 et'

76 777 304 871 schismaticos
322 777 363 842 ad
383 778 552 842 ecclesiam
575 778 749 857 venientes,
767 779 822 864 qui
841 779 1123 865 pseudobaptizati

38 903 66 956 ,Ι
77 891 238 970 ridentur,
251 891 371 956 debere
384 913 441 956 eos
456 892 489 956 in
503 893 593 956 fonte
607 892 739 978 perenni
752 890 920 977 baptizari,
936 904 970 956 et
984 891 1056 956 ideo
1070 914 1123 958 se·

75 1001 223 1066 cundum
237 1002 459 1067 testimonium
476 1002 704 1087 scripturarum
718 1016 750 1067 et
765 1000 941 1066 secundum
954 1000 1121 1068 decretum

75 1110 279 1196 collegarum
294 1126 479 1177 nostrorum
493 1113 701 1176 sanctissimae
715 1111 880 1177 memoriae
894 1111 1033 1176 virorum
1050 1133 1123 1177 om·

75 1242 136 1283 nes
158 1220 383 1284 schismaticos
403 1235 438 1285 et
458 1221 628 1286 hereticos
650 1222 706 1310 qui
727 1222 768 1285 ad
788 1221 958 1285 ecclesiam
977 1222 1122 1288 conversi

76 1342 155 1394 sunt
175 1330 346 1414 baptizari,
369 1329 427 1394 scd
448 1346 482 1394 et
503 1352 560 1394 eos
581 1331 637 1417 qui
660 1329 797 1395 ordinati
819 1328 1018 1408 videbantur,
1037 1330 1123 1399 inter

23 1438 179 1506 lolsicos
193 1440 303 1526 recipi.

121 1549 337 1614 Nemesianus
361 1571 380 1612 a
407 1546 578 1613 Thubunis
601 1545 693 1611 dixit.
737 1546 904 1632 Baptisme
926 1547 1016 1633 quod
1043 1547 1123 1613 dant
1211 1604 1217 1613 .

75 1656 223 1722 haeretici
243 1673 277 1723 et
297 1657 495 1722 schismatici
510 1679 575 1721 non
589 1678 660 1720 esse
673 1678 781 1720 verum
797 1656 918 1742 ubique
931 1656 966 1720 in
981 1656 1121 1743 scriptu·

75 1767 122 1832 ris
136 1760 256 1832 sanctis
268 1767 467 1832 declaratum
482 1779 553 1830 est:
576 1764 729 1852 quoniam
753 1764 814 1851 ipsi
828 1765 993 1851 praepositi
1007 1787 1121 1831 eorum

75 1876 150 1941 falsi
167 1876 290 1942 Christi
312 1892 387 1943 suut
408 1892 443 1942 et
463 1879 536 1943 falsi
557 1878 736 1964 prophetae‚
750 1878 878 1943 dicente
898 1880 1046 1944 Domino
1066 1900 1124 1966 per

27 2000 67 2059 15
77 1986 310 2052 Salomonem:
333 1987 426 2074 rQui
434 1987 543 2074 fidens
564 1998 610 2052 est
634 1987 668 2051 in
681 1987 796 2075 salsis,
815 1987 864 2051 lu'c
883 1989 986 2072 poscit
1006 2000 1123 2067 ventos,

77 2093 162 2158 idem
176 2104 281 2158 autem
295 2093 361 2179 ipse
374 2095 516 2182 sequitur
529 2118 600 2160 oves
612 2095 764 2160 volantes.
799 2096 927 2161 Deserit
949 2097 1032 2162 enim
1053 2098 1125 2162 vies-

76 2203 181 2272 vineoe
193 2225 271 2284 suoe,
285 2228 305 2270 a
320 2204 439 2270 semitis
452 2229 520 2270 vero
536 2206 634 2294 agelli
648 2208 698 2271 tui
711 2207 840 2273 erravit.
870 2208 1051 2297 Ingreditur
1063 2233 1124 2276 au·

78 2323 143 2379 tem
152 2329 211 2399 per
221 2314 295 2378 ania
306 2313 374 2379 loca
384 2327 480 2402 atque
490 2316 582 2381 arida
593 2328 625 2381 et
640 2329 755 2382 terram
769 2318 961 2384 destinatam
974 2319 1008 2384 in
1022 2298 1124 2402 sitim,¹

77 2422 236 2488 contradit
264 2434 371 2489 aretem
398 2425 540 2491 monibus
569 2426 775 2513 irp‘rsctuosc.
829 2431 873 2494 Et
898 2429 1041 2495 iterumz
1069 2431 1124 2496 At

26 2547 165 2620 eoaque
183 2531 290 2599 aliem
307 2533 427 2599 abstine
444 2545 486 2616 te,
500 2546 532 2600 et
551 2537 590 2600 de
599 2536 699 2622 fonte
719 2547 867 2602 extraneo
882 2561 921 2603 ne
941 2539 1064 2620 biberis,
1084 2549 1121 2606 ut

78 2639 209 2729 longum
222 2642 310 2708 vivas
325 2654 454 2730 temrpus,
469 2645 661 2733 adjicimtur
675 2647 771 2712 etiam
786 2647 844 2711 titi
858 2647 934 2712 anni
948 2649 1035 2714 vitae.
1078 2652 1125 2717 Er

76 2751 112 2816 in
125 2753 294 2840 evangelio
308 2753 414 2818 divina
428 2777 487 2820 sua
499 2779 578 2821 voce
598 2754 762 2822 Dominus
776 2769 885 2822 noster
898 2759 993 2823 Jcsus
1009 2757 1125 2824 Chris·

76 2875 133 2927 tus
147 2861 277 2928 locutus
291 2875 340 2927 est
354 2863 487 2928 dicens:
507 2879 523 2909 ²
534 2863 608 2929 Neri
621 2864 691 2953 quis
708 2876 836 2929 renatus
849 2865 959 2951 fuerit
980 2890 1020 2932 ex
1040 2889 1124 2954 aque

77 2981 110 3035 et
123 2970 239 3056 spiritu
251 2995 313 3037 non
324 2984 426 3057 potest
441 2973 569 3038 introire
582 2973 616 3038 in
629 2996 761 3060 regnum
777 2973 853 3038 Dei.
887 2976 952 3040 Hic
966 2989 1017 3040 est
1030 2977 1123 3063 spiri·

27 3094 68 3154 23
78 3094 134 3148 tus
146 3080 203 3169 qui
217 3081 260 3146 ab
273 3081 367 3146 initio
381 3083 543 3147 ferebatur
557 3104 654 3168 super
666 3105 779 3169 aquas.
824 3085 941 3170 Neque
954 3086 1041 3149 enim
1057 3085 1124 3171 spi·

77 3191 161 3255 ritus
183 3191 253 3254 siue
276 3213 361 3278 aqua
382 3193 507 3278 operari
530 3203 652 3278 potest,
674 3214 779 3279 neque
800 3215 884 3280 aqua
906 3194 973 3259 sine
995 3195 1125 3280 spiritu.

77 3298 172 3365 Male
186 3321 266 3386 ergo
282 3299 342 3366 sibi
359 3301 489 3388 quidam
505 3301 755 3389 interpretantur
778 3314 815 3366 ut
834 3301 943 3367 dicant
958 3303 1046 3389 quod
1066 3324 1125 3390 per

76 3431 195 3475 monus
209 3410 450 3497 impositionem
466 3411 615 3498 spiritum
630 3424 776 3476 sanctum
791 3411 951 3496 accipiant
964 3423 997 3476 et
1012 3413 1058 3478 sic
1072 3434 1135 3478 rea

76 3518 252 3606 cipiantur,
265 3540 340 3584 cum
356 3520 563 3585 menifestum
578 3521 620 3584 sit
634 3535 773 3607 utroque
793 3533 994 3585 sacramento
1008 3520 1125 3587 debere

23 3641 138 3696 {ocos
157 3629 283 3694 renasci
301 3628 336 3693 in
357 3628 494 3694 ecclesia
514 3629 685 3695 catholice.
728 3631 821 3694 Tunc
834 3630 954 3716 quippe
971 3643 1129 3716 poterunt-

42 3722 48 3748 ἶ
77 3737 138 3804 filii
157 3737 223 3803 Dei
243 3758 325 3817 esse,
338 3737 467 3803 dicente
490 3719 660 3825 apostolo:
685 3737 864 3801 ⁸Curantes
884 3759 1006 3802 severe
1019 3739 1129 3803 undo.

76 3858 144 3913 tem
164 3844 296 3932 spiritus
318 3847 353 3912 in
378 3847 589 3933 conjunctione
607 3847 708 3933 pacis,
730 3869 827 3912 unum
852 3862 970 3932 corpus,
993 3860 1024 3913 et
1045 3870 1129 3914 uuus·

76 3955 221 4044 spiritus,
235 3957 316 4021 sicut
329 3958 431 4022 vocati
445 3958 519 4024 estis
532 3958 566 4025 in
580 3981 644 4024 urm
657 3975 710 4044 spe
724 3957 892 4045 vocatmnis
906 3970 1032 4038 vestroe,
1046 3982 1130 4024 unus·

110 4209 127 4252 1
141 4205 256 4258 emir.
266 4217 354 4266 ttae.
364 4220 414 4257 rec.
425 4220 492 4255 ixx.
589 4211 604 4240 ²
620 4207 690 4255 Joan.
703 4208 737 4257 iii.
749 4219 773 4257 s.
859 4220 872 4242 ⁸
887 4208 977 4271 Epher.
988 4209 1020 4254 iv.
1030 4215 1055 4264 s,
1066 4219 1089 4254 4.
