2678 4756
128 272 130 279 '
243 293 304 361 292
582 268 944 339 ANNOTATrouus

244 440 510 529 σνγκεκροτῆμενος,
537 446 584 517 τῆς
610 442 673 505 κατ’
702 441 879 527 Ἀντιοχείαν
905 439 1059 528 παροικίας
1087 441 1284 529 tri-prodictus,

248 535 269 595 ol
294 527 350 602 θεὶς
378 529 421 590 ἐπὶ
448 533 495 602 τῆς
523 532 596 590 Noto
619 527 700 604 ηδέων
731 527 854 606 πόλεως,
882 525 949 590 ἔνθα
976 535 1130 605 τηνικαῦτα
1156 530 1285 608 βασιλεὺς

251 557 475 698 (iitaximinus)
498 611 588 696 irarpl
604 638 641 675 ooo
661 610 812 696 immane,
829 610 976 698 ωαραχῶν
990 639 1020 676 τι
1036 615 1079 677 ἐπὶ
1092 620 1142 676 τοῦ
1156 612 1286 701 ἄρχοντος

246 703 296 776 τὴν
310 701 375 808 ὑπὲρ
388 698 418 774 ἧς
432 697 575 786 ωςοΐςατο
597 697 780 771 διδασκαλίας
801 697 958 783 ἀπολογίαν
972 696 1148 783 &complu
1161 701 1287 783 crapario·

245 783 301 858 θεὶς
317 809 463 857 renovarat.
494 785 601 881 Quem
616 783 725 848 locum
740 794 831 846 vetus
847 783 1003 868 interpres
1018 784 1154 848 Rufinus
1166 784 1214 848 ita
1225 804 1287 848 ver·

246 869 297 946 tit,
312 884 370 933 aut
383 869 491 954 potius
506 867 730 953 rnterpolavit:
758 867 917 932 Larianus
935 890 1056 956 quoque
1075 868 1128 933 vir
1144 867 1286 944 moribus,

246 953 445 1030 continentia,
461 965 489 1017 at
506 953 676 1017 eruditione
691 953 881 1037 proecipuus,
892 952 1104 1018 Antiockcnus
1116 952 1287 1051 presbyter,

245 1062 315 1105 cum
337 1039 379 1102 od
401 1038 540 1102 tribunat
554 1038 673 1123 judicis
686 1038 810 1186 {uisset
832 1037 1005 1104 adductus.-
1037 1040 1114 1118 Car,
1129 1038 1236 1126 inquit
1249 1037 1288 1103 ad

245 1148 315 1190 eom
327 1139 455 1208 praeses,
470 1125 518 1188 vir
531 1123 686 1188 rationaii
701 1123 728 1188 is
746 1134 777 1188 et
795 1123 931 1208 prudeus
944 1123 1078 1210 sequeris
1093 1133 1224 1202 sectam,
1238 1147 1287 1187 ui·

237 1212 297 1295 jus
319 1233 380 1274 non
398 1220 485 1293 potes
506 1210 632 1273 reddere
644 1211 825 1274 rationem?
847 1220 902 1273 aut
923 1207 951 1272 si
972 1220 1028 1288 est,
1044 1207 1156 1295 aliqua
1176 1207 1288 1273 audio·

245 1318 325 1361 mus.
353 1296 433 1358 Tam
449 1291 503 1358 itte
517 1294 594 1359 dota
609 1294 667 1358 sihi
671 1293 838 1380 facecitate
849 1293 981 1373 dicendi,
995 1293 1209 1377 hujusumodi
1222 1315 1289 1358 oron

246 1380 359 1445 tionem
374 1379 486 1465 dastde
500 1391 606 1445 nostro
619 1379 760 1444 iobuuse
773 1379 901 1445 dicitnr.
946 1380 984 1442 In
1004 1380 1135 1444 occulto
1158 1402 1227 1445 non
1244 1392 1290 1443 est

247 1466 309 1530 &a
354 1465 512 1530 Eusebius
527 1487 623 1552 porro
639 1465 680 1533 ad
697 1464 754 1530 lib.
767 1465 830 1530 viii.
845 1487 883 1530 ca
908 1511 915 1528 .
932 1479 979 1529 13.
994 1464 1070 1529 ¹haec
1092 1463 1133 1529 de
1154 1465 1289 1531 Luciani

246 1550 398 1659 apologia
412 1549 579 1615 babet-io
599 1557 632 1636 τῇ
651 1549 834 1636 Naupacto,
849 1577 896 1632 nur
910 1551 1003 1624 αὐτὸς,
1024 1549 1171 1631 βασίλεως
1192 1555 1289 1615 ἔπηα-

246 1662 335 1720 patroc
354 1636 397 1718 (in
412 1635 506 1715 urbe)¹
521 1640 568 1714 τὴν
590 1634 696 1721 ἐράνων
716 1642 753 1699 ri
775 1642 869 1723 Xprsri
887 1630 1036 1720 parturiere
1055 1636 1136 1722 λόγῳ
1154 1636 1249 1722 espiri
1277 1662 1289 1699 r

246 1724 278 1784 δι’
294 1719 460 1804 ἀπολογίας,
474 1720 535 1784 εἶτα
551 1722 578 1783 δὲ
600 1721 646 1802 nai
668 1721 756 1807 ἔργοις
774 1722 958 1809 unanimius.
1002 1722 1121 1807 Neque
1137 1720 1209 1799 ulla
1222 1661 1289 1785 irici-

247 1828 307 1870 nea
321 1828 417 1870 causa
432 1805 512 1869 mihi
527 1806 659 1892 quidem
674 1827 744 1870 esse
757 1807 893 1885 videtur,
911 1809 922 1888 (
946 1804 1067 1870 uamvis
1089 1805 1153 1888 alii,
1169 1806 1291 1871 diverse

244 1891 412 1968 senserint,
427 1904 464 1954 ut
480 1914 508 1956 e.
521 1913 556 1977 g.
571 1891 799 1957 Tillemontius
813 1893 916 1956 Mem.
965 1890 1021 1973 ccl,
1035 1903 1118 1955 tom.
1130 1915 1161 1955 v.
1178 1890 1287 1971 inLu·

244 1977 330 2042 aiano
346 1998 423 2062 pag.
435 1991 504 2041 203.
521 1976 572 2042 ed.
588 1976 744 2060 Bruxell.)
769 1998 826 2042 cur
848 1999 914 2041 non
935 1977 1046 2041 baberi
1069 1975 1193 2041 Rufino
1215 1976 1289 2041 fides

245 2063 374 2141 debeat,
390 2063 447 2147 qui
467 2062 549 2125 hanc
571 2063 758 2148 praeclaram
782 2062 972 2142 orationem,
990 2084 1066 2125 cum
1087 2062 1238 2127 moribus
1253 2082 1289 2125 ac

244 2147 418 2221 ratiociniis
448 2147 557 2211 saeculi
586 2146 672 2211 illius
701 2148 844 2234 apprime
874 2147 1129 2226 convenientem,
1156 2145 1289 2234 martyri

244 2233 391 2317 Lucieno
405 2232 562 2297 attribuit.
608 2233 691 2298 Fieri
712 2232 799 2297 enim
821 2246 939 2318 potest,
963 2245 1000 2297 ut
1021 2232 1124 2318 ipsam
1149 2253 1193 2297 ex
1213 2231 1288 2296 actis

244 2332 328 2384 mart
353 2318 390 2382 rii
411 2316 482 2404 ejus
505 2317 639 2383 Rufinus
662 2317 878 2403 descripserit,
893 2317 981 2404 quod
1000 2318 1074 2403 plus
1093 2317 1203 2383 semel
1220 2338 1287 2381 mo·

244 2405 315 2468 nuit
328 2342 506 2482 inbrium,
522 2403 614 2489 cujus
630 2405 797 2468 sententiae
815 2404 920 2468 favent
935 2403 1041 2480 verba,
1053 2426 1129 2489 quae
1146 2403 1218 2489 jam
1233 2402 1288 2492 de·

245 2489 370 2573 scripsi,
385 2489 472 2574 apud
490 2489 629 2553 eundem
650 2491 856 2574 interpretem
872 2488 934 2574 ipsi
950 2488 1088 2551 orationi
1102 2487 1286 2574 praeceden·

246 2576 301 2639 tia.
332 2575 496 2637 Craterum
513 2575 625 2638 statuit
640 2574 681 2637 cl.
698 2574 880 2637 Lardnerus
892 2575 943 2637 De
956 2573 1042 2636 Hist.
1059 2574 1194 2660 Evang.
1207 2573 1286 2651 Fide,

248 2663 333 2724 Part.
347 2660 392 2722 ΙΙ.
409 2659 466 2722 lib.
478 2659 502 2722 i.
517 2681 588 2745 cap.
602 2673 652 2723 58.
676 2659 870 2745 Hieronymi
883 2659 979 2722 verba
994 2680 1092 2743 supra
1106 2659 1219 2737 allata,
1235 2659 1285 2722 Fo-

246 2755 359 2808 runtur
373 2745 439 2829 ejrur
456 2744 494 2807 de
503 2744 574 2829 fide
594 2743 704 2825 titettt,
719 2745 761 2808 ad
776 2744 858 2808 hanc
877 2743 986 2829 potius
1005 2743 1198 2830 apologiam
1217 2765 1283 2830 per·

246 2833 347 2894 tinere
360 2829 520 2894 censenda
534 2852 614 2908 esse,
630 2843 688 2894 aut
706 2830 748 2893 ad
768 2829 847 2893 alios
865 2828 1021 2915 quosdam
1040 2840 1203 2894 tractatus
1222 2831 1285 2895 bre·

247 2938 299 2981 ves
320 2938 378 3000 pro
397 2915 552 3000 religione
569 2915 753 2980 Christiana
773 2937 792 2977 a
810 2915 955 2977 Luciano
971 2914 1120 2998 scriptos
1137 2937 1235 3001 quam
1249 2913 1283 2978 ad

247 3003 434 3089 symbolum
456 3001 520 3083 sive
540 3001 774 3082 confessionem
793 2999 876 3077 fidei,
891 2999 932 3062 de
948 3020 1012 3085 qua
1027 3000 1170 3083 posthac
1185 3000 1282 3065 dicen-

247 3088 336 3166 dum,
360 3087 478 3173 quippe
500 3108 574 3150 cum
599 3087 744 3163 Rufinus,
767 3084 911 3171 ejusdem
935 3084 1037 3148 aetatis
1061 3085 1212 3170 scriptor,
1230 3105 1285 3171 qua

247 3175 469 3259 Hieronymus
483 3186 562 3250 erat,
578 3171 674 3235 titulo
691 3171 848 3234 Orationis
858 3185 915 3254 pro
929 3169 1005 3232 Fide
1019 3169 1102 3233 hanc
1118 3170 1284 3256 insignive-

245 3259 288 3323 rit
316 3280 424 3322 coram
454 3257 590 3342 praeside
619 3255 816 3342 apologiam.
864 3253 1063 3318 Trithemius
1092 3256 1218 3321 interea
1240 3255 1284 3318 De

248 3344 397 3427 Scriptor.
414 3340 538 3406 Eccles.
551 3365 641 3406 num.
659 3365 690 3405 L.
710 3343 750 3405 de
769 3341 914 3404 Luciano
932 3339 1042 3416 habet,
1062 3340 1200 3424 Scripsit
1214 3341 1284 3405 iuter

247 3440 361 3492 coetera
376 3428 412 3492 de
428 3428 504 3490 Fide
518 3439 624 3492 nostra
641 3426 711 3490 ato.
725 3427 770 3490 iii.
796 3428 872 3512 Qua
891 3447 964 3489 vero
985 3427 1190 3505 auctoritate,
1203 3426 1284 3488 nixus

246 3514 402 3599 librorum
420 3534 591 3576 numerum
606 3512 776 3590 addiderit,
789 3510 907 3574 nescim
930 3511 1066 3574 Notavit
1081 3510 1148 3574 hoc
1162 3511 1284 3596 quidem

247 3600 337 3662 Aub.
354 3599 489 3662 Miraeus
504 3599 711 3662 “Librorum
728 3619 880 3661 numerus
898 3594 984 3679 apud
1004 3594 1145 3659 Hieron.
1161 3618 1231 3683 cap.
1240 3607 1284 3670 77.

248 3690 270 3722 ·“
286 3682 411 3746 videtur
425 3683 614 3747 excidisse.'’
652 3682 750 3746 Certe
769 3682 796 3745 si
815 3681 867 3745 isti
883 3682 923 3744 ab
940 3681 1159 3767 Hieronymo
1171 3683 1216 3746 ita
1234 3680 1285 3744 de-

247 3768 365 3852 signati
381 3782 497 3850 essent,
513 3764 672 3854 nequead
693 3767 878 3866 symbolum
894 3765 986 3844 illud,
1002 3787 1108 3851 neque
1123 3767 1169 3832 ad
1183 3765 1287 3854 apolo-

246 3856 337 3939 giam
350 3875 460 3917 coram
474 3855 621 3938 praeside,
638 3869 795 3939 pcrtrnere
809 3864 952 3937 possent.

293 3940 327 4003 P.
341 3953 410 4002 285.
434 3939 456 4001 l.
476 3953 523 4014 17.
552 3960 648 4024 quem
673 3939 821 4015 colimus,
844 3936 935 4000 Deus
957 3937 1052 4019 nnus]
1072 3935 1286 4003 Tertullianus

246 4025 342 4111 Apol.
358 4045 428 4108 cap.
446 4039 494 4105 17.
509 4025 580 4086 init.
598 4023 686 4108 Quod
702 4022 839 4099 colimus,
855 4023 942 4085 Deus
956 4042 1035 4084 unas
1049 4031 1105 4084 est.

292 4109 376 4173 lbid.
398 4109 419 4171 l.
441 4123 490 4170 22.
522 4106 562 4170 de
585 4111 672 4193 Deo]
703 4108 788 4171 Cum
813 4107 998 4171 Caeciarius
1019 4106 1054 4169 in
1078 4106 1161 4173 edit.
1185 4103 1284 4173 Rufini

249 4198 362 4280 Rornae
388 4215 472 4258 anno
499 4206 574 4268 1740
597 4195 751 4282 impressa
770 4193 808 4257 de
829 4192 915 4273 coeto,
935 4191 992 4259 sed
1014 4191 1176 4261 renitente
1196 4212 1284 4261 serua
