2678 4756
298 285 352 353 nu
374 275 604 351 coactura
625 267 861 396 cantans.
959 300 983 343 ο.
1042 298 1106 372 119

75 468 80 477 ’
100 447 143 525 P.
157 454 208 537 7⁵·
229 456 254 523 l.
271 462 303 522 6.
323 455 502 524 secundum
521 453 648 520 dierum
667 454 869 520 saecularium
886 456 1035 540 cursum]
1051 456 1105 521 Sic

55 541 166 611 infr-ar
200 542 373 609 &eadam
401 539 548 622 seculum,
574 563 635 606 non
662 539 827 608 seeundum
853 542 969 606 Deam.
1016 543 1105 614 Nam

57 629 150 717 apud
166 629 276 696 Deum
296 650 362 693 non
381 641 432 694 est
449 641 589 714 tempus.
631 624 711 692 Dies
725 626 827 713 igitur
840 628 919 692 dicit
934 626 1104 708 seculares,

57 715 111 783 uti
126 715 168 781 ab
181 713 369 780 hominibus
381 713 414 778 in
429 713 539 777 seculo
554 726 774 777 numerantur.
798 714 1029 778 Rroasrrus.

105 800 191 866 lbid.
207 799 230 864 l.
246 814 294 864 12.
315 799 420 865 vidue
439 798 557 881 filium]
573 800 624 862 Ita
638 811 757 863 veteres
772 797 929 863 editiones
944 812 978 865 et
992 818 1106 863 omnes

59 885 129 952 fere
142 886 217 952 libri
230 899 364 951 veteres.
410 883 569 949 Pamelius
583 883 683 948 edidit
697 883 802 948 vidua
816 884 1107 971 Sunamitisfilinm

52 982 102 1037 'ex
120 971 221 1039 unico
238 971 352 1036 codice
374 971 567 1056 Anglicano,
581 969 684 1034 fassus
703 989 815 1034 vocem
830 970 1005 1035 Sunamitis
1018 970 1107 1035 desi-

59 1055 167 1124 derari
180 1057 214 1122 in
225 1057 350 1122 caeteris
362 1057 503 1142 antiquis
515 1055 694 1120 codicibus.
716 1055 819 1141 Angli
832 1056 1027 1143 scripserunt
1042 1056 1107 1122 Sa·

59 1141 237 1209 mitiadis.
281 1144 355 1228 Ego
381 1140 497 1206 sustuli
522 1141 605 1205 hanc
629 1162 752 1220 vocem,
777 1163 873 1227 quam
901 1162 966 1206 non
990 1142 1107 1209 dubito

60 1230 189 1294 esse'ex
199 1228 405 1315 glossemate.
442 1226 617 1291 Admoneo
638 1239 747 1290 tamen
766 1246 819 1291 me
840 1226 929 1291 illam
951 1228 1108 1314 reperisse

60 1313 96 1380 in
133 1315 188 1380 uin
213 1335 254 1379 ue
266 1312 356 1379 libris
370 1313 540 1378 veteribus.
561 1313 774 1376 Banuzms.

73 1422 82 1480 j
107 1400 122 1464 l
147 1337 231 1465 idll.
243 1404 292 1463 td.
313 1398 579 1498 inaequalitatem]
599 1396 736 1462 Caeterae
751 1396 845 1464 editt.
860 1419 939 1485 quas
954 1399 1018 1464 vidi
1033 1422 1107 1466 orn-

61 1506 121 1551 nes
142 1496 261 1572 praeter
280 1484 524 1549 Benedictinam
544 1483 594 1547 vel
616 1483 834 1570 aequalitatem
848 1485 898 1549 vel
919 1485 1108 1572 qualitatem

60 1570 196 1651 habent,
212 1569 269 1636 sed
284 1570 420 1635 sortasse
440 1570 612 1634 lectionem
628 1582 791 1656 receptam
805 1570 839 1634 in
853 1570 1021 1636 codicibus
1041 1573 1108 1637 suis

62 1656 185 1722 invenit
196 1656 364 1722 leuzius.
390 1655 554 1721 Ceterum
571 1655 746 1741 aenigmata
759 1656 849 1720 istaec
864 1656 906 1720 ab
918 1658 1039 1722 insania
1053 1656 1110 1724 illa

61 1762 167 1830 prope
185 1743 303 1807 absunt
319 1741 471 1828 Origenis
485 1756 517 1805 et
533 1740 684 1820 aliorum,
699 1763 772 1827 quae
788 1740 885 1806 fidem
899 1742 1122 1811 historiarum'

62 1848 226 1894 acrarum
236 1828 421 1893 subvertere
435 1849 513 1892 ausa
526 1841 588 1906 est,
602 1839 640 1891 ut
654 1828 830 1914 mysticum
841 1827 1022 1896 adstrueret
1034 1850 1110 1897 sen·

57 1932 140 1979 -sum
155 1914 246 1979 libris
260 1913 370 1978 sacris.

107 1998 195 2064 lbid.
209 1999 233 2064 l.
247 2013 297 2065 23.
318 1995 505 2083 discrimen]
529 1999 608 2062 Tres
629 1997 704 2062 libri
725 2009 848 2063 veteres
870 1998 992 2063 habent
1013 1999 1108 2087 diffe-

63 2085 201 2150 rentiam
213 2084 263 2150 vel
277 2084 452 2160 discrimen,
467 2084 548 2148 alius
563 2084 737 2148 discrimen.
782 2086 831 2148 Ex
853 2084 1012 2150 similibus
1034 2089 1111 2152 fon·

62 2170 164 2250 tibus,
178 2182 215 2236 ut
228 2192 314 2258 saepe
328 2170 525 2248 monuimus,
541 2183 612 2234 orta
633 2183 709 2235 sunt
729 2181 781 2234 tot
797 2169 954 2235 vocabula
966 2192 1112 2262 synony-

63 2276 121 2321 ma
133 2256 220 2356 apud
234 2256 448 2345 Cypriorum.
470 2255 683 2321 Basuzws.
1116 2272 1119 2279 ·

111 2341 196 2406 lbrd.
211 2342 234 2407 l.
246 2357 296 2421 29.
319 2342 461 2429 praebeat
475 2343 613 2428 patrem]
630 2343 681 2406 Ita
694 2362 806 2407 omnes
820 2341 887 2406 fere
901 2341 975 2407 libri
989 2356 1112 2410 veteres

65 2438 101 2495 et
114 2446 230 2493 omnes
246 2429 415 2492 editiones.
460 2427 570 2514 Atque
592 2449 630 2490 ea
652 2426 750 2491 lectio
771 2439 821 2491 est
843 2427 978 2514 optima.
1022 2430 1113 2496 Nam

64 2524 192 2602 certum
214 2526 265 2578 est
285 2515 397 2581 Deum
419 2535 453 2577 se
472 2513 623 2577 omnibus
643 2513 829 2577 hominibus
847 2513 1013 2601 aequaliter
1027 2520 1121 2601 praess'

67 2612 153 2666 stare
166 2611 302 2686 patrem.
348 2602 406 2663 Est
427 2599 513 2662 enim
535 2610 625 2684 pater
648 2611 769 2676 noster,
784 2597 816 2662 in
835 2599 947 2684 primis
962 2621 1037 2664 vero
1052 2622 1113 2666 eo-

65 2704 141 2750 rum
154 2685 210 2772 qui
225 2684 362 2750 credunt
382 2684 415 2748 in
429 2706 518 2761 eum,
532 2705 643 2747 eorum
669 2684 724 2770 qui
744 2705 802 2770 per
825 2705 899 2748 eum
922 2687 1114 2754 sanctificati

66 2782 102 2836 et
119 2770 236 2856 gratie
254 2770 406 2857 spiritalis
426 2769 590 2834 nativitate
609 2769 746 2853 reparati
760 2768 817 2833 filii
831 2770 902 2871 ejus
916 2791 985 2836 esse
1001 2785 1121 2858 coepe·‘

65 2868 155 2935 nant,
170 2868 209 2920 nt
222 2856 268 2921 ait
281 2871 412 2921 sanctus
427 2868 551 2942 martyr
566 2854 600 2918 in
613 2854 698 2918 libro
711 2853 752 2918 de
768 2855 923 2921 Oratione
936 2858 1113 2924 Dominica

136 2988 144 3005 .
159 2948 229 3006 206.
273 2943 318 3007 Et
334 2955 441 3006 tannen
466 2939 626 3004 Pamelius
639 2940 745 3026 magis
760 2940 878 3026 probat
891 2942 1114 3029 conjecturam

65 2958 211 3091 ffirelii
223 3026 434 3092 existimantis
455 3025 631 3126 legendum
647 3047 717 3090 esse
732 3041 840 3111 parem
849 3053 862 3106 ,·
882 3048 1018 3115 eamque
1032 3052 1113 3095 con-

60 3109 226 3200 jecturam
248 3113 418 3192 Pamelius,
434 3126 472 3176 ut
492 3132 560 3196 rpse
581 3112 636 3192 ait,
653 3112 685 3175 in
709 3134 767 3176 sua
788 3111 932 3178 editione
952 3116 1114 3200 posuisset

64 3196 129 3263 uisi
149 3198 406 3263 contradicentes
428 3195 595 3261 habuisset
614 3217 728 3261 omnes
752 3196 852 3262 libros
874 3201 1112 3286 manuscriptos

64 3294 101 3350 et
121 3296 237 3348 omnes
258 3284 426 3349 editiones.
470 3284 545 3380 Ego
563 3295 673 3346 tamen
691 3302 802 3347 vocem
822 3297 931 3368 parem
953 3286 1058 3370 reperi
1079 3287 1113 3353 in

65 3366 197 3434 duobus
208 3369 377 3434 codicibus
391 3367 540 3454 antiquis.
562 3368 773 3432 Banuzws.

80 3476 85 3531 3
109 3453 198 3519 lbid.
222 3453 246 3519 l.
269 3468 320 3521 31.
352 3454 460 3519 adhuc
485 3453 614 3518 horreat
638 3453 831 3539 exosculari]
865 3455 1026 3542 Rigaltius
1054 3457 1114 3539 ait,

65 3537 180 3621 didus,
194 3539 237 3604 sd
254 3562 350 3627 quem
373 3553 423 3604 est
445 3539 516 3602 haec
539 3538 685 3624 Epistola
706 3539 876 3640 Cypriani,
892 3540 1045 3608 horrebat
1058 3566 1114 3610 os-

65 3624 170 3691 culari
190 3647 300 3690 recens
324 3640 417 3690 natos
440 3625 588 3702 infantes,
604 3647 680 3688 cum
696 3648 762 3690 sure
783 3625 1022 3713 impedimentis
1060 3650 1115 3695 ro·

65 3710 159 3776 hasoa
180 3710 294 3798 utique
315 3724 349 3775 et
369 3710 500 3789 oblitos,
514 3708 653 3798 indeque
667 3711 700 3774 in
720 3725 870 3776 octavum
887 3735 905 3777 a
920 3729 1014 3813 partu
1050 3717 1115 3782 iem

65 3793 189 3862 differri
209 3797 406 3884 baptismum
430 3796 569 3861 volebat.
614 3797 792 3861 Horrorem
819 3797 951 3864 discutit
973 3798 1114 3900 Cypria&

65 3896 130 3949 lma
144 3880 260 3947 iisdem
274 3881 474 3970 argumentis
488 3881 606 3968 quibus
617 3882 836 3948 Tertullianus
851 3885 1029 3950 Marcionis
1045 3887 1113 3952 hae·

65 3967 153 4033 resin
180 3968 360 4035 confutavit
385 3966 584 4032 exhortantis
612 3967 700 4032 Fidei
727 3968 920 4034 Christiana
940 3972 1138 4037 articrdum

67 4058 138 4141 qu'o
162 4050 330 4119 Christum
355 4053 457 4118 filium
481 4052 546 4116 Dei
568 4051 609 4116 de
631 4052 748 4118 Mariae
770 4055 816 4118 vir
842 4055 902 4120 ’nis
924 4070 1017 4121 utero
1042 4073 1137 4131 vereff

66 4134 235 4204 hominem
251 4152 361 4205 natum
377 4138 568 4204 adserimus.
620 4138 763 4204 Christus
777 4140 810 4204 di
840 4140 890 4206 eit
906 4140 1058 4207 hominm
1073 4140 1116 4207 il·

71 4220 139 4291 tan
162 4223 198 4291 ia
220 4223 442 4311 inmunditiis,
465 4223 499 4293 ia
517 4224 840 4378 armamentum,
860 4224 954 4295 ittam
974 4240 1033 4315 per
1049 4224 1114 4316 ρι’·
