<?xml version="1.0" encoding="UTF-8"?>
<!DOCTYPE html PUBLIC "-//W3C//DTD XHTML 1.0 Transitional//EN"
    "http://www.w3.org/TR/xhtml1/DTD/xhtml1-transitional.dtd">
<html xmlns="http://www.w3.org/1999/xhtml" xml:lang="en" lang="en">
 <head>
  <title>
</title>
<meta http-equiv="Content-Type" content="text/html;charset=utf-8" />
  <meta name='ocr-system' content='tesseract 3.04.00' />
  <meta name='ocr-capabilities' content='ocr_page ocr_carea ocr_par ocr_line ocrx_word'/>
</head>
<body>
  <div class='ocr_page' id='page_1' title='image "./reliquiaesacrae11routgoog_0326.png"; bbox 0 0 2678 4756; ppageno 0'>
   <div class='ocr_carea' id='block_1_1' title="bbox 353 279 1212 398">
    <p class='ocr_par' dir='ltr' id='par_1_1' title="bbox 353 279 1212 398">
     <span class='ocr_line' id='line_1_1' title="bbox 353 279 1212 398; baseline -0.002 -22"><span class='ocrx_word' id='word_1_1' title='bbox 353 279 560 376; x_wconf 71' lang='lat' dir='ltr'>rusorum</span> <span class='ocrx_word' id='word_1_2' title='bbox 581 305 784 376; x_wconf 76' lang='lat' dir='ltr'>arrscorr</span> <span class='ocrx_word' id='word_1_3' title='bbox 807 306 1036 375; x_wconf 80' lang='lat' dir='ltr'>nrrsronn.</span> <span class='ocrx_word' id='word_1_4' title='bbox 1147 326 1212 398; x_wconf 73' lang='lat'>313</span> 
     </span>
    </p>
   </div>
   <div class='ocr_carea' id='block_1_2' title="bbox 126 480 1307 2986">
    <p class='ocr_par' dir='ltr' id='par_1_2' title="bbox 126 480 1307 2986">
     <span class='ocr_line' id='line_1_2' title="bbox 169 480 1214 571; baseline -0.003 -22"><span class='ocrx_word' id='word_1_5' title='bbox 169 501 337 549; x_wconf 78' lang='lat' dir='ltr'>summam</span> <span class='ocrx_word' id='word_1_6' title='bbox 359 481 633 548; x_wconf 77' lang='lat' dir='ltr'>abominationem</span> <span class='ocrx_word' id='word_1_7' title='bbox 652 481 854 571; x_wconf 86' lang='lat' dir='ltr'>perduceret,</span> <span class='ocrx_word' id='word_1_8' title='bbox 868 503 927 547; x_wconf 85' lang='lat' dir='ltr'>nec</span> <span class='ocrx_word' id='word_1_9' title='bbox 941 480 1022 568; x_wconf 88' lang='lat' dir='ltr'>lapis</span> <span class='ocrx_word' id='word_1_10' title='bbox 1044 491 1214 546; x_wconf 69' lang='lat' dir='ltr'>structure</span> 
     </span>
     <span class='ocr_line' id='line_1_3' title="bbox 172 590 1216 681; baseline -0.001 -24"><span class='ocrx_word' id='word_1_11' title='bbox 172 606 288 658; x_wconf 87' lang='lat' dir='ltr'>vestrae</span> <span class='ocrx_word' id='word_1_12' title='bbox 301 615 397 681; x_wconf 89' lang='lat' dir='ltr'>supra</span> <span class='ocrx_word' id='word_1_13' title='bbox 410 593 551 681; x_wconf 86' lang='lat' dir='ltr'>lapidem</span> <span class='ocrx_word' id='word_1_14' title='bbox 566 606 650 659; x_wconf 89' lang='lat' dir='ltr'>stare</span> <span class='ocrx_word' id='word_1_15' title='bbox 663 605 781 679; x_wconf 88' lang='lat' dir='ltr'>posset.</span> <span class='ocrx_word' id='word_1_16' title='bbox 826 595 870 657; x_wconf 88' lang='lat' dir='ltr'>Et</span> <span class='ocrx_word' id='word_1_17' title='bbox 884 605 921 657; x_wconf 93' lang='lat' dir='ltr'>tu</span> <span class='ocrx_word' id='word_1_18' title='bbox 935 592 1078 657; x_wconf 81' lang='lat' dir='ltr'>Lucisne</span> <span class='ocrx_word' id='word_1_19' title='bbox 1090 590 1216 657; x_wconf 88' lang='lat' dir='ltr'>carissi·</span> 
     </span>
     <span class='ocr_line' id='line_1_4' title="bbox 173 702 1216 792; baseline 0.003 -26"><span class='ocrx_word' id='word_1_20' title='bbox 173 723 241 782; x_wconf 90' lang='lat' dir='ltr'>me,</span> <span class='ocrx_word' id='word_1_21' title='bbox 254 702 358 768; x_wconf 81' lang='lat' dir='ltr'>l¹cum</span> <span class='ocrx_word' id='word_1_22' title='bbox 377 702 421 769; x_wconf 89' lang='lat' dir='ltr'>sis</span> <span class='ocrx_word' id='word_1_23' title='bbox 444 703 580 792; x_wconf 87' lang='lat' dir='ltr'>sapiens,</span> <span class='ocrx_word' id='word_1_24' title='bbox 594 702 732 771; x_wconf 82' lang='lat' dir='ltr'>libenter</span> <span class='ocrx_word' id='word_1_25' title='bbox 751 710 907 792; x_wconf 88' lang='lat' dir='ltr'>&#39;supporta</span> <span class='ocrx_word' id='word_1_26' title='bbox 920 703 1116 790; x_wconf 74' lang='lat' dir='ltr'>insipientes,</span> <span class='ocrx_word' id='word_1_27' title='bbox 1131 713 1216 770; x_wconf 85' lang='lat' dir='ltr'>utet</span> 
     </span>
     <span class='ocr_line' id='line_1_5' title="bbox 135 809 512 899; baseline 0.005 -24"><span class='ocrx_word' id='word_1_28' title='bbox 135 894 137 899; x_wconf 68' lang='lat'>,</span> <span class='ocrx_word' id='word_1_29' title='bbox 172 809 237 898; x_wconf 89' lang='lat' dir='ltr'>ipsi</span> <span class='ocrx_word' id='word_1_30' title='bbox 251 810 411 898; x_wconf 89' lang='lat' dir='ltr'>sapientes</span> <span class='ocrx_word' id='word_1_31' title='bbox 425 811 512 877; x_wconf 89' lang='lat' dir='ltr'>fiant.</span> 
     </span>
     <span class='ocr_line' id='line_1_6' title="bbox 141 911 1216 1011; baseline -0.003 -21"><span class='ocrx_word' id='word_1_32' title='bbox 141 937 166 990; x_wconf 78' lang='lat'><strong><em>⁵</em></strong></span> <span class='ocrx_word' id='word_1_33' title='bbox 221 919 405 1011; x_wconf 55' lang='lat' dir='ltr'>Ille-Nulli</span> <span class='ocrx_word' id='word_1_34' title='bbox 417 942 564 1009; x_wconf 89' lang='lat' dir='ltr'>unquam</span> <span class='ocrx_word' id='word_1_35' title='bbox 579 921 762 987; x_wconf 80' lang='lat' dir='ltr'>molestiam</span> <span class='ocrx_word' id='word_1_36' title='bbox 781 921 907 1001; x_wconf 82' lang='lat' dir='ltr'>inferte,</span> <span class='ocrx_word' id='word_1_37' title='bbox 923 920 1048 987; x_wconf 85' lang='lat' dir='ltr'>nullum</span> <span class='ocrx_word' id='word_1_38' title='bbox 1069 911 1216 987; x_wconf 77' lang='lat' dir='ltr'>adirem</span> 
     </span>
     <span class='ocr_line' id='line_1_7' title="bbox 173 1031 1215 1122; baseline 0.003 -27"><span class='ocrx_word' id='word_1_39' title='bbox 173 1031 348 1098; x_wconf 82' lang='lat' dir='ltr'>concitate.</span> <span class='ocrx_word' id='word_1_40' title='bbox 391 1032 427 1098; x_wconf 90' lang='lat' dir='ltr'>Si</span> <span class='ocrx_word' id='word_1_41' title='bbox 446 1033 534 1099; x_wconf 90' lang='lat' dir='ltr'>vobis</span> <span class='ocrx_word' id='word_1_42' title='bbox 547 1032 666 1122; x_wconf 85' lang='lat' dir='ltr'>injuria</span> <span class='ocrx_word' id='word_1_43' title='bbox 683 1033 857 1119; x_wconf 86' lang='lat' dir='ltr'>irrogatur,</span> <span class='ocrx_word' id='word_1_44' title='bbox 871 1032 904 1097; x_wconf 91' lang='lat' dir='ltr'>in</span> <span class='ocrx_word' id='word_1_45' title='bbox 918 1033 1031 1098; x_wconf 90' lang='lat' dir='ltr'>Jesum</span> <span class='ocrx_word' id='word_1_46' title='bbox 1046 1031 1215 1098; x_wconf 86' lang='lat' dir='ltr'>Christum</span> 
     </span>
     <span class='ocr_line' id='line_1_8' title="bbox 173 1140 1215 1232; baseline -0.001 -23"><span class='ocrx_word' id='word_1_47' title='bbox 173 1142 359 1229; x_wconf 61' lang='lat' dir='ltr'>respicitep</span> <span class='ocrx_word' id='word_1_48' title='bbox 373 1155 408 1208; x_wconf 91' lang='lat' dir='ltr'>et</span> <span class='ocrx_word' id='word_1_49' title='bbox 433 1142 707 1232; x_wconf 82' lang='lat' dir='ltr'>quemadmodum</span> <span class='ocrx_word' id='word_1_50' title='bbox 733 1141 853 1229; x_wconf 85' lang='lat' dir='ltr'>optatis</span> <span class='ocrx_word' id='word_1_51' title='bbox 879 1140 934 1206; x_wconf 82' lang='lat' dir='ltr'>iut</span> <span class='ocrx_word' id='word_1_52' title='bbox 959 1141 1049 1207; x_wconf 89' lang='lat' dir='ltr'>vobis</span> <span class='ocrx_word' id='word_1_53' title='bbox 1072 1142 1141 1228; x_wconf 88' lang='lat' dir='ltr'>ipse</span> <span class='ocrx_word' id='word_1_54' title='bbox 1162 1154 1215 1208; x_wconf 76' lang='lat' dir='ltr'>re·</span> 
     </span>
     <span class='ocr_line' id='line_1_9' title="bbox 173 1251 1216 1341; baseline 0.002 -23"><span class='ocrx_word' id='word_1_55' title='bbox 173 1251 297 1333; x_wconf 85' lang='lat' dir='ltr'>mittat,</span> <span class='ocrx_word' id='word_1_56' title='bbox 312 1253 358 1321; x_wconf 90' lang='lat' dir='ltr'>sic</span> <span class='ocrx_word' id='word_1_57' title='bbox 380 1267 414 1320; x_wconf 90' lang='lat' dir='ltr'>et</span> <span class='ocrx_word' id='word_1_58' title='bbox 434 1277 492 1321; x_wconf 89' lang='lat' dir='ltr'>vos</span> <span class='ocrx_word' id='word_1_59' title='bbox 511 1254 575 1321; x_wconf 90' lang='lat' dir='ltr'>illis</span> <span class='ocrx_word' id='word_1_60' title='bbox 597 1253 763 1334; x_wconf 89' lang='lat' dir='ltr'>dimittite,</span> <span class='ocrx_word' id='word_1_61' title='bbox 777 1266 811 1318; x_wconf 89' lang='lat' dir='ltr'>et</span> <span class='ocrx_word' id='word_1_62' title='bbox 832 1264 910 1319; x_wconf 89' lang='lat' dir='ltr'>tunc</span> <span class='ocrx_word' id='word_1_63' title='bbox 932 1275 1063 1341; x_wconf 92' lang='lat' dir='ltr'>quoque</span> <span class='ocrx_word' id='word_1_64' title='bbox 1084 1275 1216 1320; x_wconf 88' lang='lat' dir='ltr'>omnem</span> 
     </span>
     <span class='ocr_line' id='line_1_10' title="bbox 173 1363 1216 1453; baseline 0 -23"><span class='ocrx_word' id='word_1_65' title='bbox 173 1363 326 1431; x_wconf 84' lang='lat' dir='ltr'>invidiam</span> <span class='ocrx_word' id='word_1_66' title='bbox 342 1363 602 1453; x_wconf 88' lang='lat' dir='ltr'>supplantabitis,</span> <span class='ocrx_word' id='word_1_67' title='bbox 617 1364 680 1430; x_wconf 78' lang='lat' dir='ltr'>ket</span> <span class='ocrx_word' id='word_1_68' title='bbox 697 1377 797 1451; x_wconf 87' lang='lat' dir='ltr'>caput</span> <span class='ocrx_word' id='word_1_69' title='bbox 817 1363 941 1451; x_wconf 86' lang='lat' dir='ltr'>antiqui</span> <span class='ocrx_word' id='word_1_70' title='bbox 963 1366 1117 1452; x_wconf 88' lang='lat' dir='ltr'>serpentis</span> <span class='ocrx_word' id='word_1_71' title='bbox 1136 1387 1216 1431; x_wconf 90' lang='lat' dir='ltr'>con·</span> 
     </span>
     <span class='ocr_line' id='line_1_11' title="bbox 126 1458 1265 1568; baseline -0.001 -24"><span class='ocrx_word' id='word_1_72' title='bbox 126 1493 167 1544; x_wconf 84' lang='grc' dir='ltr'>ιο</span> <span class='ocrx_word' id='word_1_73' title='bbox 175 1478 298 1561; x_wconf 86' lang='lat' dir='ltr'>teretis,</span> <span class='ocrx_word' id='word_1_74' title='bbox 311 1479 368 1568; x_wconf 93' lang='lat' dir='ltr'>qui</span> <span class='ocrx_word' id='word_1_75' title='bbox 379 1480 491 1546; x_wconf 88' lang='lat' dir='ltr'>vestris</span> <span class='ocrx_word' id='word_1_76' title='bbox 505 1479 599 1544; x_wconf 88' lang='lat' dir='ltr'>bonis</span> <span class='ocrx_word' id='word_1_77' title='bbox 613 1478 764 1566; x_wconf 88' lang='lat' dir='ltr'>operibus</span> <span class='ocrx_word' id='word_1_78' title='bbox 776 1491 809 1543; x_wconf 94' lang='lat' dir='ltr'>et</span> <span class='ocrx_word' id='word_1_79' title='bbox 824 1477 1024 1543; x_wconf 83' lang='lat' dir='ltr'>successibus</span> <span class='ocrx_word' id='word_1_80' title='bbox 1036 1478 1126 1543; x_wconf 91' lang='lat' dir='ltr'>omni</span> <span class='ocrx_word' id='word_1_81' title='bbox 1138 1500 1215 1565; x_wconf 86' lang='lat' dir='ltr'>cum</span> <span class='ocrx_word' id='word_1_82' title='bbox 1261 1458 1265 1464; x_wconf 31' lang='lat'>¹</span> 
     </span>
     <span class='ocr_line' id='line_1_12' title="bbox 173 1585 1217 1674; baseline -0.004 -21"><span class='ocrx_word' id='word_1_83' title='bbox 173 1586 301 1653; x_wconf 77' lang='lat' dir='ltr'>astutia</span> <span class='ocrx_word' id='word_1_84' title='bbox 311 1587 491 1654; x_wconf 85' lang='lat' dir='ltr'>insidiatur.</span> <span class='ocrx_word' id='word_1_85' title='bbox 534 1588 614 1654; x_wconf 91' lang='lat' dir='ltr'>Non</span> <span class='ocrx_word' id='word_1_86' title='bbox 637 1597 806 1674; x_wconf 70' lang='lat' dir='ltr'>pretereat</span> <span class='ocrx_word' id='word_1_87' title='bbox 829 1585 909 1666; x_wconf 85' lang='lat' dir='ltr'>dies,</span> <span class='ocrx_word' id='word_1_88' title='bbox 931 1585 1010 1673; x_wconf 90' lang='lat' dir='ltr'>quin</span> <span class='ocrx_word' id='word_1_89' title='bbox 1031 1597 1217 1672; x_wconf 86' lang='lat' dir='ltr'>opportuno</span> 
     </span>
     <span class='ocr_line' id='line_1_13' title="bbox 173 1691 1307 1785; baseline -0.003 -22"><span class='ocrx_word' id='word_1_90' title='bbox 173 1710 324 1785; x_wconf 83' lang='lat' dir='ltr'>tempore</span> <span class='ocrx_word' id='word_1_91' title='bbox 343 1696 419 1762; x_wconf 88' lang='lat' dir='ltr'>dato</span> <span class='ocrx_word' id='word_1_92' title='bbox 440 1696 562 1785; x_wconf 85' lang='lat' dir='ltr'>aliquid</span> <span class='ocrx_word' id='word_1_93' title='bbox 583 1716 745 1761; x_wconf 84' lang='lat' dir='ltr'>sacrarum</span> <span class='ocrx_word' id='word_1_94' title='bbox 763 1695 941 1760; x_wconf 89' lang='lat' dir='ltr'>lectionum</span> <span class='ocrx_word' id='word_1_95' title='bbox 954 1694 1080 1782; x_wconf 86' lang='lat' dir='ltr'>legatis,</span> <span class='ocrx_word' id='word_1_96' title='bbox 1095 1691 1218 1783; x_wconf 87' lang='lat' dir='ltr'>aliquid</span> <span class='ocrx_word' id='word_1_97' title='bbox 1301 1770 1307 1784; x_wconf 87' lang='lat'><strong>.</strong></span> 
     </span>
     <span class='ocr_line' id='line_1_14' title="bbox 173 1794 1217 1892; baseline -0.002 -22"><span class='ocrx_word' id='word_1_98' title='bbox 173 1804 451 1892; x_wconf 80' lang='lat' dir='ltr'>contemplemini,</span> <span class='ocrx_word' id='word_1_99' title='bbox 472 1826 533 1871; x_wconf 88' lang='lat' dir='ltr'>nec</span> <span class='ocrx_word' id='word_1_100' title='bbox 551 1826 649 1870; x_wconf 85' lang='lat' dir='ltr'>sacrae</span> <span class='ocrx_word' id='word_1_101' title='bbox 669 1803 835 1890; x_wconf 74' lang='lat' dir='ltr'>scripture</span> <span class='ocrx_word' id='word_1_102' title='bbox 852 1794 1063 1868; x_wconf 84' lang='lat' dir='ltr'>litteraturam</span> <span class='ocrx_word' id='word_1_103' title='bbox 1085 1821 1217 1889; x_wconf 89' lang='lat' dir='ltr'>prorsus</span> 
     </span>
     <span class='ocr_line' id='line_1_15' title="bbox 174 1902 1217 2004; baseline -0.001 -24"><span class='ocrx_word' id='word_1_104' title='bbox 174 1914 351 2004; x_wconf 82' lang='lat' dir='ltr'>abjiciatis3</span> <span class='ocrx_word' id='word_1_105' title='bbox 367 1915 448 1981; x_wconf 90' lang='lat' dir='ltr'>nibil</span> <span class='ocrx_word' id='word_1_106' title='bbox 458 1915 541 1981; x_wconf 90' lang='lat' dir='ltr'>adeo</span> <span class='ocrx_word' id='word_1_107' title='bbox 551 1916 691 1980; x_wconf 84' lang='lat' dir='ltr'>animam</span> <span class='ocrx_word' id='word_1_108' title='bbox 703 1914 808 2003; x_wconf 86' lang='lat' dir='ltr'>pascit</span> <span class='ocrx_word' id='word_1_109' title='bbox 819 1926 853 1978; x_wconf 91' lang='lat' dir='ltr'>et</span> <span class='ocrx_word' id='word_1_110' title='bbox 865 1927 1007 1978; x_wconf 88' lang='lat' dir='ltr'>mentem</span> <span class='ocrx_word' id='word_1_111' title='bbox 1022 1902 1217 2001; x_wconf 72' lang='lat' dir='ltr'>impinguat,</span> 
     </span>
     <span class='ocr_line' id='line_1_16' title="bbox 127 2023 1217 2106; baseline 0.002 -15"><span class='ocrx_word' id='word_1_112' title='bbox 127 2025 261 2100; x_wconf 69' lang='lat' dir='ltr'>assicut</span> <span class='ocrx_word' id='word_1_113' title='bbox 283 2045 382 2091; x_wconf 85' lang='lat' dir='ltr'>sacrae</span> <span class='ocrx_word' id='word_1_114' title='bbox 400 2025 523 2092; x_wconf 85' lang='lat' dir='ltr'>faciunt</span> <span class='ocrx_word' id='word_1_115' title='bbox 543 2025 698 2091; x_wconf 83' lang='lat' dir='ltr'>lectiones</span> <span class='ocrx_word' id='word_1_116' title='bbox 709 2049 719 2106; x_wconf 73' lang='grc' dir='ltr'><strong><em>ς</em></strong></span> <span class='ocrx_word' id='word_1_117' title='bbox 743 2023 801 2090; x_wconf 85' lang='lat' dir='ltr'>sed</span> <span class='ocrx_word' id='word_1_118' title='bbox 821 2046 862 2090; x_wconf 83' lang='lat' dir='ltr'>ex</span> <span class='ocrx_word' id='word_1_119' title='bbox 882 2024 946 2091; x_wconf 91' lang='lat' dir='ltr'>illis</span> <span class='ocrx_word' id='word_1_120' title='bbox 967 2024 1055 2091; x_wconf 87' lang='lat' dir='ltr'>hune</span> <span class='ocrx_word' id='word_1_121' title='bbox 1076 2027 1217 2093; x_wconf 88' lang='lat' dir='ltr'>maxime</span> 
     </span>
     <span class='ocr_line' id='line_1_17' title="bbox 173 2133 1218 2223; baseline 0.002 -21"><span class='ocrx_word' id='word_1_122' title='bbox 173 2133 283 2223; x_wconf 83' lang='lat' dir='ltr'>eapite</span> <span class='ocrx_word' id='word_1_123' title='bbox 297 2133 451 2216; x_wconf 88' lang='lat' dir='ltr'>fructum,</span> <span class='ocrx_word' id='word_1_124' title='bbox 467 2147 504 2200; x_wconf 92' lang='lat' dir='ltr'>ut</span> <span class='ocrx_word' id='word_1_125' title='bbox 517 2133 673 2222; x_wconf 86' lang='lat' dir='ltr'>patientia</span> <span class='ocrx_word' id='word_1_126' title='bbox 685 2144 788 2200; x_wconf 89' lang='lat' dir='ltr'>vestra</span> <span class='ocrx_word' id='word_1_127' title='bbox 802 2133 892 2222; x_wconf 89' lang='lat' dir='ltr'>juste</span> <span class='ocrx_word' id='word_1_128' title='bbox 905 2148 940 2200; x_wconf 88' lang='lat' dir='ltr'>et</span> <span class='ocrx_word' id='word_1_129' title='bbox 953 2134 1017 2222; x_wconf 92' lang='lat' dir='ltr'>pie,</span> <span class='ocrx_word' id='word_1_130' title='bbox 1030 2135 1094 2202; x_wconf 87' lang='lat' dir='ltr'>hoe</span> <span class='ocrx_word' id='word_1_131' title='bbox 1107 2150 1168 2218; x_wconf 88' lang='lat' dir='ltr'>est,</span> <span class='ocrx_word' id='word_1_132' title='bbox 1184 2137 1218 2205; x_wconf 89' lang='lat' dir='ltr'>in</span> 
     </span>
     <span class='ocr_line' id='line_1_18' title="bbox 171 2241 1219 2333; baseline 0.003 -19"><span class='ocrx_word' id='word_1_133' title='bbox 171 2244 330 2314; x_wconf 73' lang='lat' dir='ltr'>charitate</span> <span class='ocrx_word' id='word_1_134' title='bbox 352 2241 486 2327; x_wconf 88' lang='lat' dir='ltr'>Christi,</span> <span class='ocrx_word' id='word_1_135' title='bbox 503 2259 609 2314; x_wconf 89' lang='lat' dir='ltr'>vestra</span> <span class='ocrx_word' id='word_1_136' title='bbox 628 2244 733 2312; x_wconf 86' lang='lat' dir='ltr'>officia</span> <span class='ocrx_word' id='word_1_137' title='bbox 752 2245 965 2333; x_wconf 84' lang='lat' dir='ltr'>exequamini,</span> <span class='ocrx_word' id='word_1_138' title='bbox 984 2258 1018 2312; x_wconf 88' lang='lat' dir='ltr'>et</span> <span class='ocrx_word' id='word_1_139' title='bbox 1037 2249 1219 2317; x_wconf 85' lang='lat' dir='ltr'>transitoria</span> 
     </span>
     <span class='ocr_line' id='line_1_19' title="bbox 173 2356 1216 2452; baseline 0.004 -27"><span class='ocrx_word' id='word_1_140' title='bbox 173 2357 286 2425; x_wconf 77' lang='lat' dir='ltr'>omnia</span> <span class='ocrx_word' id='word_1_141' title='bbox 307 2357 352 2422; x_wconf 91' lang='lat' dir='ltr'>ob</span> <span class='ocrx_word' id='word_1_142' title='bbox 374 2356 445 2448; x_wconf 87' lang='lat' dir='ltr'>ejus</span> <span class='ocrx_word' id='word_1_143' title='bbox 467 2359 695 2446; x_wconf 85' lang='lat' dir='ltr'>promissiones</span> <span class='ocrx_word' id='word_1_144' title='bbox 713 2365 853 2426; x_wconf 81' lang='lat' dir='ltr'>&#39;aeternas</span> <span class='ocrx_word' id='word_1_145' title='bbox 877 2362 1102 2442; x_wconf 84' lang='lat' dir='ltr'>contemnatis,</span> <span class='ocrx_word' id='word_1_146' title='bbox 1122 2359 1216 2452; x_wconf 69' lang='lat' dir='ltr'>¹quae‘</span> 
     </span>
     <span class='ocr_line' id='line_1_20' title="bbox 173 2470 1216 2559; baseline 0.002 -23"><span class='ocrx_word' id='word_1_147' title='bbox 173 2483 253 2536; x_wconf 81' lang='lat' dir='ltr'>sane</span> <span class='ocrx_word' id='word_1_148' title='bbox 263 2490 393 2536; x_wconf 87' lang='lat' dir='ltr'>sensum</span> <span class='ocrx_word' id='word_1_149' title='bbox 407 2491 537 2536; x_wconf 90' lang='lat' dir='ltr'>omnem</span> <span class='ocrx_word' id='word_1_150' title='bbox 550 2483 584 2538; x_wconf 91' lang='lat' dir='ltr'>et</span> <span class='ocrx_word' id='word_1_151' title='bbox 597 2470 796 2537; x_wconf 88' lang='lat' dir='ltr'>intellectum</span> <span class='ocrx_word' id='word_1_152' title='bbox 817 2470 997 2538; x_wconf 89' lang='lat' dir='ltr'>humanum</span> <span class='ocrx_word' id='word_1_153' title='bbox 1012 2475 1216 2559; x_wconf 76' lang='lat' dir='ltr'>exsuperant,¹</span> 
     </span>
     <span class='ocr_line' id='line_1_21' title="bbox 126 2580 1215 2669; baseline 0.003 -21"><span class='ocrx_word' id='word_1_154' title='bbox 126 2594 212 2648; x_wconf 65' lang='lat' dir='ltr'>boet</span> <span class='ocrx_word' id='word_1_155' title='bbox 221 2602 278 2648; x_wconf 83' lang='lat' dir='ltr'>voa</span> <span class='ocrx_word' id='word_1_156' title='bbox 289 2581 377 2668; x_wconf 84' lang='lat' dir='ltr'>ipsos</span> <span class='ocrx_word' id='word_1_157' title='bbox 391 2580 423 2645; x_wconf 90' lang='lat' dir='ltr'>in</span> <span class='ocrx_word' id='word_1_158' title='bbox 438 2580 626 2647; x_wconf 85' lang='lat' dir='ltr'>felicitatem</span> <span class='ocrx_word' id='word_1_159' title='bbox 640 2594 830 2669; x_wconf 85' lang='lat' dir='ltr'>perpetuam</span> <span class='ocrx_word' id='word_1_160' title='bbox 843 2582 1036 2648; x_wconf 87' lang='lat' dir='ltr'>conducent.</span> <span class='ocrx_word' id='word_1_161' title='bbox 1070 2582 1152 2651; x_wconf 83' lang='lat' dir='ltr'>Vale</span> <span class='ocrx_word' id='word_1_162' title='bbox 1166 2585 1215 2651; x_wconf 86' lang='lat' dir='ltr'>fe·</span> 
     </span>
     <span class='ocr_line' id='line_1_22' title="bbox 172 2689 1216 2779; baseline -0.001 -20"><span class='ocrx_word' id='word_1_163' title='bbox 172 2691 281 2759; x_wconf 85' lang='lat' dir='ltr'>liciter</span> <span class='ocrx_word' id='word_1_164' title='bbox 293 2691 327 2756; x_wconf 92' lang='lat' dir='ltr'>in</span> <span class='ocrx_word' id='word_1_165' title='bbox 343 2689 490 2772; x_wconf 90' lang='lat' dir='ltr'>Christo,</span> <span class='ocrx_word' id='word_1_166' title='bbox 502 2691 549 2756; x_wconf 92' lang='lat' dir='ltr'>mi</span> <span class='ocrx_word' id='word_1_167' title='bbox 564 2691 695 2758; x_wconf 91' lang='lat' dir='ltr'>domine</span> <span class='ocrx_word' id='word_1_168' title='bbox 709 2693 862 2760; x_wconf 83' lang='lat' dir='ltr'>Lucisne.</span> <span class='ocrx_word' id='word_1_169' title='bbox 904 2697 996 2757; x_wconf 82' lang='lat' dir='ltr'>Extat</span> <span class='ocrx_word' id='word_1_170' title='bbox 1007 2697 1069 2757; x_wconf 80' lang='lat' dir='ltr'>hac</span> <span class='ocrx_word' id='word_1_171' title='bbox 1082 2698 1216 2779; x_wconf 81' lang='lat' dir='ltr'>Epistola</span> 
     </span>
     <span class='ocr_line' id='line_1_23' title="bbox 173 2803 1221 2899; baseline 0.007 -35"><span class='ocrx_word' id='word_1_172' title='bbox 173 2805 208 2864; x_wconf 88' lang='lat' dir='ltr'>in</span> <span class='ocrx_word' id='word_1_173' title='bbox 219 2803 355 2862; x_wconf 79' lang='lat' dir='ltr'>Doederii</span> <span class='ocrx_word' id='word_1_174' title='bbox 368 2803 517 2880; x_wconf 71' lang='lat' dir='ltr'>spicilegio</span> <span class='ocrx_word' id='word_1_175' title='bbox 530 2805 589 2866; x_wconf 82' lang='lat' dir='ltr'>Vct.</span> <span class='ocrx_word' id='word_1_176' title='bbox 600 2807 706 2883; x_wconf 75' lang='lat' dir='ltr'>aliquot</span> <span class='ocrx_word' id='word_1_177' title='bbox 714 2807 896 2884; x_wconf 69' lang='lat' dir='ltr'>scriptoriam,</span> <span class='ocrx_word' id='word_1_178' title='bbox 905 2815 978 2870; x_wconf 87' lang='lat' dir='ltr'>tom.</span> <span class='ocrx_word' id='word_1_179' title='bbox 988 2808 1028 2866; x_wconf 87' lang='lat' dir='ltr'>iii.</span> <span class='ocrx_word' id='word_1_180' title='bbox 1035 2826 1104 2899; x_wconf 85' lang='lat' dir='ltr'>pag.</span> <span class='ocrx_word' id='word_1_181' title='bbox 1115 2807 1221 2871; x_wconf 82' lang='lat'><strong><em>297-</em></strong></span> 
     </span>
     <span class='ocr_line' id='line_1_24' title="bbox 174 2907 543 2986; baseline -0.005 -15"><span class='ocrx_word' id='word_1_182' title='bbox 174 2911 248 2971; x_wconf 75' lang='grc'><strong>299.</strong></span> <span class='ocrx_word' id='word_1_183' title='bbox 259 2908 329 2968; x_wconf 78' lang='lat' dir='ltr'>adit.</span> <span class='ocrx_word' id='word_1_184' title='bbox 342 2907 543 2986; x_wconf 77' lang='lat' dir='ltr'>Basnagianae.</span> 
     </span>
    </p>
   </div>
   <div class='ocr_carea' id='block_1_3' title="bbox 208 3104 1182 3198">
    <p class='ocr_par' dir='ltr' id='par_1_3' title="bbox 208 3104 1182 3198">
     <span class='ocr_line' id='line_1_25' title="bbox 208 3104 1182 3198; baseline 0.001 -23"><span class='ocrx_word' id='word_1_185' title='bbox 208 3122 413 3176; x_wconf 62' lang='lat' dir='ltr'>haraeum.</span> <span class='ocrx_word' id='word_1_186' title='bbox 477 3104 676 3176; x_wconf 57' lang='lat' dir='ltr'>inmites.</span> <span class='ocrx_word' id='word_1_187' title='bbox 742 3121 954 3198; x_wconf 56' lang='lat' dir='ltr'>arsanias.</span> <span class='ocrx_word' id='word_1_188' title='bbox 1020 3123 1182 3184; x_wconf 60' lang='lat' dir='ltr'>tranant.</span> 
     </span>
    </p>
   </div>
   <div class='ocr_carea' id='block_1_4' title="bbox 0 0 1361 4756">
    <p class='ocr_par' dir='ltr' id='par_1_4' title="bbox 0 0 1361 4756">
     <span class='ocr_line' id='line_1_26' title="bbox 0 0 1361 4756; baseline 0 0"><span class='ocrx_word' id='word_1_189' title='bbox 0 0 1361 4756; x_wconf 95' lang='lat' dir='ltr'> </span> 
     </span>
    </p>
   </div>
  </div>
 </body>
</html>
