2678 4756
253 309 295 393 ιι
526 307 802 398 saumuro
831 304 1027 372 axona.

148 509 150 512 >
257 476 391 565 spargit.
437 477 533 543 Unde
548 492 674 545 constat
688 501 783 566 super
797 478 879 543 filios
893 476 1015 542 alienos
1028 486 1062 540 et
1074 472 1206 567 soboles
1219 471 1298 536 anti·

255 570 368 651 christi
392 589 539 674 spiritum
563 604 710 655 sanctum
737 611 794 674 per
821 608 935 652 manus
960 584 1204 672 impositionem
1230 594 1298 646 tau·

255 696 430 762 tummodo
446 721 508 762 non
525 721 619 785 posse
634 699 838 777 descendere,
854 718 930 761 cum
944 693 1152 760 manifestum
1170 690 1216 756 sit
1234 689 1298 755 hae·

255 806 373 871 reticos
387 806 548 892 baptisma
564 831 628 871 non
643 807 771 872 hahere.

300 915 484 980 Victoricus
507 940 526 979 a
547 917 714 981 Thabraca
734 916 824 981 dixit.
862 914 896 979 Si
916 914 993 978 licet
1012 909 1175 977 haereticis
1194 908 1299 994 bapti·
1285 920 1319 968 ·⁵

257 1045 330 1089 aare
342 1039 375 1088 et
388 1026 554 1090 remissam
568 1038 775 1112 peccatorum
788 1025 874 1104 dare,
886 1022 964 1111 quid
975 1022 1048 1088 illos
1060 1021 1259 1086 infamamus
1269 1032 1300 1082 et

257 1134 427 1199 haereticos
442 1136 662 1220 appellamus?

299 1244 394 1309 Alius
412 1245 500 1314 Felix
516 1246 556 1308 ab
573 1246 699 1310 Uthina
711 1244 802 1309 dixit.
828 1241 963 1308 Nemini
977 1239 1114 1305 dubium
1133 1252 1197 1317 est,
1214 1259 1298 1303 sanc·

256 1354 371 1417 tissimi
385 1354 645 1433 consacerdoteS,
662 1377 727 1418 non
751 1367 876 1417 tantum
900 1373 996 1438 posse
1018 1350 1197 1413 humanam
1218 1368 1297 1434 pue·

257 1462 474 1546 sumptionem
492 1479 650 1548 quantum
665 1463 801 1526 Domini
817 1462 918 1526 nostri
936 1462 1013 1525 Jesu
1029 1459 1153 1523 Christi
1167 1456 1332 1521 adoran-1⁰

255 1569 331 1635 dam
347 1583 380 1635 et
394 1571 606 1635 venerabilem
623 1574 837 1658 majestatem.
881 1571 1046 1634 Memores
1061 1589 1143 1653 crgo
1158 1563 1295 1652 periculi,

142 1674 145 1680 ⁸
257 1678 322 1743 hoc
337 1702 466 1766 quoque
483 1703 547 1744 non
563 1694 690 1744 tantum
707 1680 873 1745 observare
888 1678 1055 1755 debemus,
1068 1698 1185 1740 verum
1206 1674 1294 1739 etiam

257 1789 299 1851 ab
323 1790 474 1854 omnibus
497 1790 589 1854 nobis
612 1790 792 1854 confirmari
815 1801 943 1875 oportet
964 1800 1003 1851 ut
1023 1807 1137 1851 omues
1159 1781 1295 1847 haerctici

255 1898 314 1984 qui
338 1896 378 1960 ad
405 1898 509 1961 sinum
534 1899 644 1963 matris
666 1898 812 1963 ecclesiae
834 1908 1004 1961 accurrunt
1025 1894 1243 1981 baptizentur,
1263 1903 1294 1954 ut

256 2029 348 2071 mens
373 2006 534 2086 haeretica,
558 2031 631 2095 quae
652 2008 802 2073 diuturna
825 2007 898 2071 tabe
923 2005 1057 2092 polluta
1072 2014 1136 2083 est,
1162 1998 1326 2067 sanctifi-tt

255 2117 382 2181 catione
395 2118 509 2183 lavacri
524 2132 663 2204 purgata
676 2118 709 2181 in
725 2117 840 2182 melius
856 2115 1060 2181 reformetur.

299 2227 438 2312 Quietus
459 2250 478 2289 a
499 2228 627 2292 Baruch
648 2227 739 2292 dixit.
775 2227 844 2292 Qui
868 2225 976 2290 fide
949 2224 1096 2302 vivimus,
1111 2193 1308 2310 obsequiiiu

255 2357 328 2421 quae
344 2335 536 2399 instruendis
552 2337 643 2400 nobis
658 2348 732 2400 ante
746 2336 900 2422 praedicta
915 2345 991 2399 sunt
1003 2322 1137 2399 credula
1152 2322 1295 2397 ohserva-

253 2443 341 2506 tione
367 2442 536 2508 debemus
580 2446 669 2508 Nam
696 2446 851 2531 scriptum
878 2457 928 2510 est
953 2442 1039 2529 apud
1068 2428 1294 2507 Salomonem:

141 2614 143 2618 ,
254 2551 357 2636 QO'
384 2551 566 2637 baptizatur
591 2577 611 2617 a
638 2565 771 2632 mortuo,
797 2553 876 2640 quid
899 2551 1025 2638 proficit
1055 2550 1178 2616 lavatio
1205 2551 1331 2638 pusato

253 2660 356 2746 Quod
373 2659 486 2746 utique
501 2661 542 2724 de
557 2661 606 2726 his
624 2663 680 2748 qui
695 2664 734 2726 ab
750 2662 909 2726 haereticis
926 2662 1097 2748 tinguntur
1116 2674 1154 2726 et
1174 2660 1217 2724 de
1239 2659 1297 2724 tin·

253 2768 406 2854 gentibus
422 2770 576 2856 loquitur.
608 2771 641 2833 Si
658 2771 743 2834 enim
759 2771 814 2857 qui
830 2771 916 2856 apud
932 2771 1006 2835 illos
1021 2770 1235 2857 baptizantur
1246 2790 1299 2855 per

255 2879 478 2942 remissionem
505 2892 713 2965 peccatorum
741 2881 837 2944 vitam
866 2865 1015 2944 aeternam
1044 2890 1300 2967 consequuntur,

252 3008 315 3050 cur
329 2986 369 3050 ad
384 2976 552 3050 ecclesldm
568 2989 721 3051 veniunt?
753 2988 787 3051 Si
802 3009 876 3052 vero
897 3010 917 3052 a
938 2999 1070 3053 mortuo
1091 2968 1216 3052 salutis.
1225 2985 1301 3051 nihil

184 3080 187 3085 ¹
256 3096 423 3182 accipitur,
439 3118 476 3159 ac
492 3110 660 3181 propterea
673 3096 784 3182 agnito
799 3117 906 3160 errore
927 3096 1062 3182 pristino
1077 3096 1121 3160 ad
1135 3097 1333 3162 veritatem&

252 3226 331 3267 cum
354 3205 544 3290 poenitentia
567 3217 777 3281 revertuntur,
791 3227 857 3268 uno
877 3204 965 3268 vitali
984 3204 1196 3290 baptismate,
1216 3203 1301 3294 quod

256 3314 289 3377 in
304 3314 440 3378 ecclesia
454 3314 614 3378 catholica
627 3326 688 3393 est,
703 3313 893 3377 sanctificari
907 3313 1084 3377 debebunt.

301 3422 419 3486 Castus
435 3445 454 3485 a
470 3423 563 3485 Sicca
577 3421 668 3486 dixit.
702 3423 771 3488 Qui
785 3433 972 3508 contempta
986 3422 1120 3487 veritate
1134 3422 1302 3509 praesumit

257 3530 524 3593 consuetudinem
540 3530 643 3615 sequi,
659 3543 715 3594 aut
729 3532 813 3594 circa
829 3533 941 3595 fratres
958 3531 1084 3596 invidus
1104 3547 1159 3599 est
1179 3547 1217 3599 et
1236 3529 1302 3597 mass

255 3637 376 3722 lignus,
393 3638 511 3724 quibus
527 3638 639 3702 veritas
655 3639 822 3718 revelatur,
838 3651 893 3703 aut
914 3639 1000 3703 circa
1019 3640 1133 3704 Deum
1156 3642 1332 3730 ingratus

254 3759 317 3822 est,
332 3744 426 3841 cujus
443 3745 648 3830 inspiratione
662 3746 797 3811 ecclesia
812 3747 881 3834 ejus
895 3749 1075 3813 instruitur.

301 3853 493 3918 Euchratius
513 3877 532 3918 a
554 3856 582 3918 T
584 3855 673 3919 henis
694 3855 786 3919 dixit.
824 3856 935 3921 Fidem
957 3869 1102 3923 nostram
1124 3872 1162 3924 et
1183 3859 1303 3948 baptis·

257 3963 350 4028 matis
364 3963 502 4048 gratiam
517 3976 551 4028 et
564 3964 646 4050 legis
659 3963 882 4029 ecclesiastica
897 3967 1043 4054 regulam
1059 3969 1156 4035 Deus
1178 3983 1216 4037 et
1234 3970 1303 4036 Do·

635 4204 654 4232 ¹¹¹
671 4199 916 4254 acclamante.
