2678 4756
251 214 304 342 lN
319 272 536 342 CANONES
551 267 793 342 ANCYRAN.
808 270 865 336 ET
878 268 1083 372 NEOCES.
1126 285 1188 358 503

152 447 242 506 ullam
256 448 486 526 delinquentibus
500 448 693 526 expiationem
707 445 792 504 aliam
806 443 937 522 deince‘ps
951 445 1001 503 reli
1024 465 1088 503 uam
1103 464 1184 502 esse:

150 531 200 586 cui
223 531 354 609 opinioni
378 550 490 589 causam
514 531 592 588 dedit
614 528 688 586 male
709 527 868 585 intellectus
889 526 929 585 D.
946 466 1027 585 Fauii
1049 527 1128 583 locus
1150 525 1186 583 ad

152 608 296 669 Hebraeos
308 631 371 691 cap.
381 613 418 670 vi.
428 613 456 670 4.
468 631 526 687 quo
540 613 625 668 etiam
638 608 796 667 Novatiani
810 608 959 666 abutentes
970 608 1056 685 lapsis
1067 608 1187 665 omniuo

150 691 266 749 reniam
286 692 486 769 denegabant:
512 693 553 749 sic
574 691 779 749 Constantinus
802 689 876 767 Imp.
896 699 1023 747 extremo
1041 690 1107 746 ritae
1128 707 1187 746 sura

150 784 294 850 tempore,
314 772 350 832 ab
368 773 497 831 Eusebio
514 772 730 831 Nicomediensi
749 771 884 848 episcopo
904 770 1066 849 baptizatus
1085 778 1140 839 cst,
1154 780 1188 827 ut

151 863 257 930 praeter
275 853 433 912 Eusebium
451 854 502 913 lib.
515 856 553 914 iv.
566 854 601 911 de
614 853 675 932 ejus
689 853 758 909 Vita
772 871 833 931 cap.
846 852 893 909 62.
915 850 963 908 οΙὶἰ
982 853 1067 908 etiam
1086 849 1187 908 Eccle-

152 935 262 991 siastici
282 936 434 1013 scriptores
454 936 643 1005 tradiderunt,
666 936 775 992 Socrat.
790 932 840 992 lib.
854 934 873 990 i.
893 951 954 1010 cap.
969 932 1018 990 26.
1039 932 1186 992 Theodor.

151 1013 203 1072 lib.
216 1016 235 1073 i.
250 1034 313 1095 cap.
323 1017 372 1075 32.
394 1016 509 1076 Sozom.
524 1016 574 1074 lib.
588 1018 618 1074 ii.
633 1035 694 1095 cap.
706 1017 755 1074 34.
776 1013 971 1091 Hieronymus
985 1014 1015 1069 in
1029 1013 1187 1084 Chronico,

151 1105 182 1151 et
201 1095 326 1175 Niceph.
342 1096 392 1155 lib.
404 1098 462 1156 viii.
477 1118 539 1176 cap.
553 1099 602 1156 54.
637 1097 824 1155 Constantius
845 1096 930 1152 etiarn
951 1094 1078 1167 moriens
1097 1093 1190 1151 voluit

151 1175 292 1253 baptisari
304 1176 463 1240 inebria-nar
484 1178 546 1249 ilai·
566 1177 742 1253 euricircias,
757 1187 789 1234 ut
805 1177 889 1233 docet
903 1175 1077 1233 Athanasius
1092 1175 1127 1232 de
1142 1193 1189 1251 sy-

152 1257 235 1315 nodis
254 1259 378 1316 Arimini
395 1267 426 1317 et
445 1258 590 1320 Seleucia.
630 1259 711 1315 idem
730 1259 765 1315 de
785 1257 951 1316 Theodosio
971 1255 1084 1331 Magno
1101 1256 1190 1313 tradit

151 1337 323 1396 Ambrosius
348 1340 379 1397 in
400 1339 487 1400 Orat.
510 1340 544 1397 dc
565 1339 626 1418 ejus
650 1339 743 1408 obitu,
765 1348 794 1395 ct
816 1339 947 1396 Socrates
968 1335 1018 1396 lib.
1032 1357 1060 1395 v.
1081 1357 1143 1415 cap.
1160 1337 1188 1396 6.

141 1417 243 1476 Hunc
256 1437 325 1477 vero
339 1420 506 1478 clinicorum
525 1440 645 1488 morem,
660 1432 689 1478 et
707 1422 737 1477 in
756 1420 936 1497 suscipiendo
953 1418 1097 1495 baptismo
1116 1417 1188 1474 dila-

151 1500 275 1569 tionem,
294 1502 397 1558 acriter
414 1501 656 1579 reprehenderunt
673 1501 828 1567 orthodoxi
848 1511 951 1578 patres.
993 1498 1187 1556 Tertullianus

150 1579 194 1637 lih
209 1580 244 1637 de
256 1581 363 1640 Poenit.
378 1585 463 1641 Omne
472 1591 614 1658 praeterea,
629 1583 733 1659 inquit,
748 1584 926 1640 cunctationis
944 1588 971 1639 et
992 1583 1188 1656 tergiversatio·

150 1664 194 1718 nis
204 1680 269 1737 erga
281 1666 465 1738 penitentiam
478 1667 583 1732 vitium,
596 1668 770 1740 praesumptio
782 1666 949 1722 intinctionis
961 1667 1110 1740 importat:
1123 1666 1191 1721 certi

151 1744 225 1799 enirn
243 1745 399 1802 indubitata
414 1749 500 1803 venie
518 1748 687 1812 delictorum,
701 1748 820 1803 medinm
841 1753 944 1820 tempus
963 1748 1072 1802 interim
1084 1743 1189 1820 faran-

153 1831 210 1890 tur,
225 1832 251 1881 et
265 1832 441 1883 cmnmeatnm
453 1825 622 1902 sihifeciunt
636 1828 815 1902 delinquendi.
850 1826 971 1901 Gregor.
986 1825 1188 1882 Nazianzenus

152 1903 236 1973 Orat.
251 1906 281 1962 iu
295 1918 425 1963 sanctum
438 1907 599 1984 Baptisma,
614 1909 788 1983 Baptisemur
807 1909 896 1975 hodie,
916 1925 950 1962 ne
969 1925 1029 1963 cras
1048 1909 1076 1962 vi
1096 1908 1189 1983 aliqua

151 1983 256 2057 majore
268 2006 419 2061 cogamurs
435 2007 470 2046 ne
483 1990 637 2066 heneficium
651 1998 781 2064 tanquam
792 1987 927 2061 injuriam
944 2005 1127 2063 prorogemus,
1142 2006 1191 2045 nec

151 2075 320 2140 expectemus
332 2075 364 2125 ut
374 2070 458 2144 plura
467 2078 582 2146 peccata
596 2089 778 2144 congeramus,
794 2089 846 2145 qao
856 2071 941 2144 pluro
953 2069 1028 2126 nobis
1039 2071 1189 2126 condmaen·
1271 2102 1281 2116 ι

152 2155 220 2204 tur.-
232 2167 281 2206 nec
288 2152 410 2223 marioni
421 2170 501 2209 onere
507 2170 666 2226 mereamur
676 2170 756 2226 quo-m
767 2154 835 2208 vires
844 2157 940 2208 nostra
945 2150 1026 2227 ferre
1036 2156 1145 2224 queant,
1156 2167 1190 2206 ne

151 2247 209 2285 una
220 2248 280 2286 cum
291 2234 354 2287 naui
364 2235 442 2306 aquis
450 2234 605 2299 οὸιιιαιιιιιτ,
614 2252 647 2289 oc
656 2233 781 2308 baptismi
790 2235 909 2306 gratiam
919 2230 1067 2307 naufragio
1077 2234 1190 2287 arnitis-

150 2328 222 2378 snus,
236 2331 270 2367 ac
283 2314 348 2368 dum
363 2316 448 2387 ptura
465 2333 512 2388 spe
529 2321 611 2389 atque
629 2317 720 2371 animo
738 2316 910 2389 concipimus,
925 2315 1016 2368 omnio
1034 2313 1189 2386 perdamur,

152 2390 204 2448 &a
228 2392 274 2448 De
288 2392 398 2450 clinicis
412 2396 498 2451 etiam
513 2395 628 2471 quidam
642 2396 786 2473 accipiunt
799 2394 868 2450 illud
881 2393 920 2451 D.
933 2393 1013 2450 Pauli
1028 2395 1040 2448 l
1052 2393 1187 2450 Corinth.

150 2489 215 2548 cap.
227 2492 275 2530 xv.
285 2475 334 2532 29.
349 2478 374 2531 ri
389 2473 529 2540 ττοιῆοοινωι
541 2479 563 2534 ni
575 2475 750 2552 βαπτιζόμενοι
764 2475 822 2554 incip
835 2472 880 2533 riis
894 2474 981 2552 ιινιξῦι,
1001 2476 1067 2548 quid
1078 2473 1190 2549 facient

149 2554 174 2608 ii
192 2556 239 2628 qui
257 2554 427 2629 buptmnntur
442 2575 495 2631 pro
511 2559 649 2614 mortuis?¹
669 2556 736 2614 Hoc
751 2566 804 2625 est,
821 2566 851 2612 ut
865 2556 919 2631 ipsi
933 2563 1046 2633 putant,
1060 2555 1109 2630 qui
1122 2563 1187 2610 tan·

150 2652 238 2708 quam
252 2636 359 2691 mortui
373 2636 432 2692 sive
445 2637 608 2695 moribundi
629 2637 819 2715 baptisantur.
860 2637 925 2713 Ego
939 2655 1018 2705 vero,
1033 2634 1112 2692 salvo
1128 2655 1188 2692 me-

150 2711 225 2771 liore
239 2713 363 2792 judicio,
377 2715 448 2774 illud
465 2717 681 2795 intelligendum
701 2729 783 2796 puto,
799 2719 833 2775 de
846 2719 881 2774 iis
895 2719 955 2795 qui,
970 2736 1102 2794 perverso
1116 2736 1189 2794 quo·

150 2796 272 2853 rundam
282 2797 480 2855 hereticorum
492 2819 582 2871 more,
592 2801 653 2856 vice
664 2811 842 2857 mortuorum
853 2799 1079 2876 baptisabantur.
1098 2797 1187 2854 Hunc

150 2893 261 2934 mosem
282 2878 390 2936 iudicat
410 2879 589 2957 Epiphanius
610 2881 646 2936 de
666 2881 860 2937 Corinthiauis
881 2879 1000 2954 loquens
1021 2879 1123 2935 haeresi
1136 2880 1188 2937 28.

150 2961 175 3032 15
197 2957 225 3015 si
245 2959 406 3036 magadeburc
426 2968 540 3039 σςῖῖγμα
552 2955 624 3022 ἦλθεν
640 2967 673 3023 εἰς
686 2963 761 3036 ἡμᾶς,
776 2958 805 3024 ὦς
818 2957 936 3033 usvairpis
950 2957 1014 3037 παρ’
1028 2965 1111 3021 αὐτοῖς
1126 2985 1187 3037 τιςο-

149 3036 287 3110 phasianus
303 3045 450 3101 τιλιντῗνσαι
465 3039 521 3099 aino
533 3043 727 3114 βαπτίσματος,
740 3038 830 3106 ἄλλους
850 3039 873 3097 di
894 3036 949 3108 ἐντ’
964 3037 1043 3108 adesir
1061 3044 1094 3100 ris
1113 3038 1188 3113 drapo

150 3118 237 3176 innitar
249 3119 434 3195 βαττὶζισθοιι,
444 3124 503 3199 incip
515 3126 548 3180 τῢ
562 3120 597 3195 pi
609 3127 630 3179 ir
644 3121 676 3202 spi
688 3120 811 3184 sitarciam
825 3118 1006 3185 οἶιαςοισοῖντιις
1019 3117 1109 3182 uineis
1124 3117 1189 3182 isnin

148 3197 231 3256 derisas
243 3203 368 3278 τιμωρίας,
383 3203 514 3275 Brisiacus
528 3199 562 3275 pair
577 3204 715 3276 ιῖλνιφότοις.
742 3203 776 3260 ld
790 3202 876 3258 eliam
890 3200 1072 3258 Marcionitas
1085 3212 1188 3278 postea

150 3278 330 3348 factitarunt,
345 3281 506 3361 exemplum
517 3285 594 3340 forte
608 3304 625 3340 a
639 3283 987 3340 Cerinthianis‘mutuati:
1006 3282 1047 3337 sic
1061 3283 1137 3338 enim
1152 3283 1187 3340 de

150 3359 185 3415 iis
207 3361 429 3438 chrysostomus
446 3364 476 3420 in
494 3364 589 3441 Epist.
608 3366 633 3422 l.
654 3365 690 3421 ad
711 3364 844 3422 Corinth.
863 3383 925 3442 cap.
943 3382 990 3420 xv.
1009 3361 1120 3421 Homil.
1137 3363 1187 3423 40.

150 3441 247 3499 inrrdair
260 3443 308 3520 γάρ
321 3469 358 3509 τις
371 3445 551 3529 ιιοιτηχοῦμιιος
564 3443 665 3525 ἀπέλθῃ
680 3443 744 3525 mup’
756 3450 851 3511 αὐτοῖς,
865 3445 904 3502 'sir
916 3440 996 3518 ζῶντα
1007 3444 1055 3503 cini
1072 3441 1114 3505 rii
1132 3448 1187 3503 κλί-

152 3548 188 3585 ιιιι
200 3529 233 3580 uir
246 3527 415 3589 τιλειντηιιότος
434 3525 579 3604 ιιρῦᾦοιντις,
592 3528 714 3604 προσίασι
728 3526 763 3604 rai
776 3525 849 3606 νεκρῷ,
863 3532 886 3605 a&
901 3525 1106 3606 irnhr'purramrss
1121 3551 1187 3584 arur-

150 3601 269 3661 θάνονταν
282 3609 302 3661 ri
313 3605 416 3670 βέλοιτο
428 3603 512 3664 sacris
524 3605 554 3665 ri
566 3608 716 3683 βοίέῖισμοις
739 3605 795 3665 risa
812 3609 897 3665 inrirou
909 3604 980 3682 pandis
993 3609 1185 3687 ἀποκρινομένου,

150 3688 163 3740 ὃ
176 3689 331 3762 ιιιιιρυμμίνοτ
343 3685 451 3744 adrudus
462 3684 518 3745 ἐντ’
531 3687 616 3746 iarirnn
631 3687 703 3763 paci,
715 3688 752 3747 ὅτι
767 3686 795 3750 ih
808 3686 909 3754 βέλοιτο
919 3686 1093 3762 Baniensium,
1103 3695 1126 3767 a}
1137 3687 1188 3748 ἔτι)

150 3762 307 3839 &unitionem
325 3767 399 3823 abab
417 3763 474 3826 cirri
495 3775 528 3826 ri
548 3766 707 3836 ἐπελθόντος.
748 3767 924 3846 Hujusmodi
947 3769 1185 3826 Marcionitarum

150 3845 304 3924 baptisma,
320 3846 455 3905 vicarium
475 3860 560 3907 vocat
572 3849 766 3908 Tertullianus
782 3849 832 3908 lib.
847 3850 882 3906 de
895 3849 1058 3908 Resurrect.
1073 3850 1185 3908 Carnis.

151 3927 297 3984 Stantem
319 3936 346 3985 et
369 3930 540 4004 baptisantur
561 3934 672 4006 paidom
690 3951 742 4007 pro
762 3935 885 3998 mortuis,
905 3933 1005 3988 uidebis
1025 3948 1061 3987 on
1079 3935 1186 3988 ratione

143 4015 225 4066 *certo
244 4010 294 4065 illu
311 4014 519 4086 presumptione
532 4013 582 4070 hoc
595 4031 638 4069 eos
650 4015 795 4070 instituisse
809 4015 957 4087 portendit,
972 4019 1026 4087 qna
1039 4013 1089 4068 alii
1102 4015 1185 4069 etiarn
1240 4074 1245 4079 ³

107 4138 124 4155 ,,
144 4092 228 4145 corni
240 4096 272 4145 ut
284 4093 416 4150 vicarium
430 4093 563 4169 baptismo
573 4092 750 4169 prcp‘uturum
763 4096 949 4151 existimarent
961 4095 998 4149 ad
1009 4107 1083 4168 spem
1095 4111 1185 4150 rour-

145 4172 302 4236 rectionis:
320 4191 379 4249 quae
398 4175 451 4232 nisi
470 4178 629 4252 corporatis,
650 4194 705 4232 non
724 4177 795 4233 alma
813 4179 851 4234 sic
871 4177 1031 4252 baptismate
1050 4176 1187 4250 corporali

625 4273 647 4314 a
660 4256 680 4314 k
693 4262 714 4316 4
