2678 4756
167 302 233 376 372
275 287 509 365 ANNQrAr.
524 289 576 357 IN
578 289 624 354 ·S.
639 288 765 369 PETRI
779 288 913 371 ALEX.
930 287 1114 357 FRAGM.

170 459 252 526 Novi
268 461 350 526 Test.
371 475 453 547 part.
469 462 515 535 U·
529 482 600 547 opp.
615 461 648 526 ii.
665 462 696 545 d.
709 464 753 546 2.)
772 469 794 503 “
807 461 840 527 in
860 461 1102 528 dubitationem
1124 457 1210 522 hand

170 552 194 601 ‘-‘
208 546 330 613 levibus
344 546 385 613 de
403 548 507 613 causis
528 546 697 613 adducitur
717 570 737 611 a
759 548 935 634 scaligero,
952 548 1100 624 Petavio,
1112 545 1209 609 'iilia-

170 637 200 703 “,
208 632 344 711 montio,
372 645 404 697 et
439 652 541 718 nuper
570 633 723 707 Garbello'
758 633 791 699 in
829 634 1014 719 Prolegom.
1052 630 1209 715 Erangd.

169 723 192 761 “
206 717 341 787 Blanch.
357 740 390 804 p.
403 732 454 785 ον.
476 719 508 783 id
524 717 713 804 opusculum
727 740 766 784 ae
780 719 1003 785 testimonium
1018 717 1161 807 juniori,
1171 715 1210 779 de

169 809 194 861 ‘-‘
207 803 318 875 seculo
333 817 435 883 sexto,
451 806 544 873 Petro
560 805 808 871 tribuentibus.''

183 938 187 945 -
213 890 312 955 Porro
333 891 364 955 in
380 888 552 959 Justiniani
575 891 659 977 Imp.
678 891 719 957 ad
741 894 897 957 Mennam
914 888 1082 976 Epistola,
1095 908 1209 1037 exp:

169 971 236 1042 duo
255 976 433 1061 fragmenta
451 976 506 1043 illa
521 975 639 1051 Prioris
660 976 697 1041 de
712 978 831 1043 Anima
854 975 1013 1043 Sermonis
1034 998 1140 1061 supra

140 1096 144 1105 .
190 1060 321 1147 rompsi,
335 1073 423 1134 extat
441 1074 594 1149 praeterea
613 1063 675 1127 alia
696 1065 843 1151 quaedam
864 1068 939 1150 ῥῆσις
954 1085 995 1126 ex
1011 1061 1163 1149 ejusdem
1176 1059 1208 1123 S.

166 1079 255 1211 ietri
270 1148 489 1258 Mystugogiu,
504 1170 576 1235 quae
592 1148 720 1227 dicitur,
734 1165 873 1235 sumpta.
894 1154 939 1215 Tri
952 1152 1029 1212 αὐσῖι
1049 1148 1165 1230 (Petri)
1177 1148 1206 1206 ἐι

166 1237 213 1308 τῇς
228 1237 439 1319 Μυςαγαιγιας,
453 1233 482 1311 ἧς
497 1234 643 1312 ίποιησοίτο
658 1237 730 1321 πρὸς
743 1241 791 1313 τὴν
804 1233 968 1311 ἐκκλησίαν,
983 1234 1105 1316 μέλλων
1117 1236 1162 1297 τὸν
1173 1236 1204 1293 ri

166 1319 303 1404 μαρτνρίν
325 1319 438 1402 ςέρανον
460 1319 647 1406 ἂναδέχεῶση.
681 1323 740 1393 Arei
753 1325 823 1384 τῦτο
837 1326 1018 1406 ωαρακαλῷ,
1032 1322 1205 1406 γρηγορεῖτε,

166 1401 207 1466 ίσι
229 1408 265 1478 νίς
285 1404 384 1480 θλίψιν
405 1404 498 1468 πάλιν
521 1406 641 1489 μέλλετε
660 1411 821 1485 εἰσελθεῖν..
836 1403 926 1482 οἴδατε
939 1406 1061 1479 'ordesos
1083 1403 1204 1474 κινδίνινς

166 1491 302 1569 ὑπέμεινεν
322 1494 336 1552 ί
356 1486 518 1576 ίιναθςέιίνας
538 1516 574 1572 με
594 1494 692 1579 σιατῆρ
711 1517 765 1575 μου
777 1489 833 1568 καὶ
852 1491 1000 1565 ἐπίσκοπος
1020 1495 1142 1562 Θεῶνας
1157 1489 1204 1550 dri

166 1580 220 1638 wir
232 1574 398 1656 μαινομένων
412 1581 448 1649 νίς
462 1580 499 1640 τοὶ
514 1575 626 1655 εἴδωλα,
641 1578 671 1643 οὗ
687 1580 734 1642 καί
748 1580 794 1645 τὸν
808 1577 900 1662 θρόνον
915 1576 1099 1657 διαδεξᾶμην,
1113 1575 1167 1638 ι’ίθε
1181 1573 1204 1634 ὃ

166 1657 246 1744 §eds
256 1659 363 1745 τρίτον.
380 1663 416 1734 είς
434 1662 508 1744 (for.
519 1659 596 1746 ὅσος)
611 1664 638 1726 δὲ
649 1664 670 1751 ’i
683 1669 696 1726 ὁ
707 1664 799 1748 μέγας
811 1663 952 1737 Διονύσιος
966 1661 1204 1748 καίακριισίίμεις

165 1745 221 1809 ἀπὸ
235 1742 323 1811 τίνων
338 1750 374 1818 νίς
386 1745 483 1826 τίσεις,
494 1749 568 1837 πρὸς
582 1748 659 1836 σέο-ῳ
672 1751 694 1835 ‘i
707 1747 857 1816 Σαέσλλίν
870 1747 1031 1823 θλίὸοντος.
1060 1746 1093 1811 τί
1106 1747 1134 1808 δὲ
1147 1744 1205 1807 rin

165 1830 315 1942 Ἠρακλᾶν
330 1829 376 1910 καί
390 1833 546 1920 Δημήτριον
559 1836 621 1908 τοὺς
634 1835 786 1919 μακαρίους
807 1832 982 1913 ἓσισκίσονς,
998 1834 1074 1907 ν’ίονς
1088 1856 1204 1914 σαρισ-

163 1941 232 1998 μονς
254 1914 391 1995 iniereat
415 1918 464 1983 tirsi
487 1925 535 1983 τοῦ
559 1920 688 2003 μανέντος
709 1916 881 2006 Ὠριγένοος,
904 1919 951 1999 καὶ
972 1922 1050 1982 arisai
1074 1917 1204 2002 χίσμαῐι

163 2002 318 2081 βαλλίνσος
339 2007 365 2067 ir
387 2009 421 2090 τῇ
443 2005 591 2091 ἐκκλησίᾳ,
612 2010 650 2070 τὰ
673 2004 720 2080 έιις
743 2007 861 2092 σήμερον
883 2008 1020 2091 ταραχὰς
1041 2008 1113 2089 αὐτῇ
1136 2001 1202 2086 ipsi·

164 2113 263 2175 ρανσα.
308 2090 391 2153 Haec
413 2111 487 2157 vero
510 2112 586 2154 cum
609 2090 788 2177 suspicatus
809 2112 913 2155 essem
934 2113 976 2155 ex
996 2089 1096 2154 Actis
1116 2087 1204 2152 Mur·

165 2172 243 2260 tprir'
270 2174 304 2239 S.
326 2173 415 2240 Petri
437 2175 597 2275 descripta
618 2176 727 2257 fuisse,
749 2199 789 2242 ea
809 2176 956 2257 demum,
978 2175 1041 2240 sed
1066 2169 1206 2238 nonnihil

162 2257 346 2339 immutata,
371 2282 390 2324 a
412 2259 457 2326 ud
485 2260 615 2326 Surium
642 2262 746 2329 inveni
772 2263 805 2327 in
835 2276 926 2327 tomo
952 2261 992 2326 vi.
1024 2261 1203 2326 Sanctorum

164 2342 252 2411 Hirr.
267 2345 309 2411 ad
323 2361 373 2413 25.
420 2346 590 2427 ovembris,
603 2369 635 2434 p.
648 2361 718 2427 579.
732 2348 784 2414 ed.
798 2347 917 2413 Colon.
952 2348 1124 2413 Actorum
1139 2363 1205 2411 vero

163 2429 209 2495 ibi
223 2431 455 2497 collocatorum
476 2432 571 2499 fidem
593 2456 702 2513 nemo,
718 2434 844 2521 opinor,
861 2433 910 2497 his
926 2433 1067 2520 quidem
1082 2446 1204 2516 tempo-

163 2515 252 2581 ribus
268 2518 301 2581 in
315 2537 349 2581 se
363 2518 504 2603 recipiet.
538 2520 575 2582 In
589 2518 703 2583 iisdem
719 2542 850 2606 quoque
864 2534 973 2584 extare
987 2520 1033 2582 ad
1048 2540 1128 2604 pag.
1141 2527 1203 2590 578.

164 2600 260 2664 aliam
281 2604 314 2666 S.
332 2604 417 2667 Petri
435 2611 511 2689 ῥῆσιν
531 2604 738 2689 deprehendi,
759 2628 857 2691 quarn
881 2605 992 2668 attulit
1016 2601 1203 2668 Anastasius

166 2685 286 2749 Sinaita
303 2687 336 2749 in
350 2687 476 2775 Hodego
498 2712 567 2766 suo,
583 2689 647 2754 siue
663 2691 694 2753 V
692 2691 734 2755 ia>
749 2692 838 2754 Duce
857 2690 1003 2754 adversus
1020 2685 1203 2772 Aeepheios,

164 2792 199 2854 p.
214 2785 280 2835 134.
291 2772 347 2862 βά.
363 2773 525 2852 Gretscri3
547 2777 663 2862 Ἀρεία,
679 2776 725 2856 καί
739 2780 765 2838 ἐν
779 2783 820 2860 τῷ
834 2784 877 2839 νῦν
893 2781 981 2854 αἰῶνι,
998 2777 1023 2862 ιζ,
1041 2780 1070 2838 ἐν
1084 2779 1125 2859 τῷ
1138 2770 1203 2855 pu-

165 2869 250 2933 λονσι,
265 2859 465 2944 κεχαρισμένος
490 2860 548 2940 ἔςση
569 2866 606 2926 σέ
629 2867 673 2925 viri
694 2867 731 2923 σέ
754 2868 829 2925 Θεέ.
875 2863 928 2926 Sic
951 2862 1042 2925 enim
1065 2861 1100 2924 in
1122 2856 1205 2923 Actis

164 2941 250 3025 apud
274 2944 400 3008 Surium
422 2946 564 3030 positum
584 2959 644 3025 est,
659 2948 724 3010 Hic
738 2959 844 3011 nutem
857 2947 985 3025 Arrius,
1006 2963 1066 3031 pro
1086 2967 1149 3032 quo
1161 2965 1205 3005 ro·

162 3027 260 3114 gotis,
276 3026 332 3091 soli
348 3031 414 3093 Deo
429 3044 567 3096 mortuus
582 3044 640 3111 est,
653 3043 684 3095 et
699 3033 815 3118 aforis
831 3032 916 3096 illius
933 3032 982 3095 dic
998 3043 1031 3096 et
1049 3030 1204 3116 insutum

163 3113 275 3177 saeculo
288 3116 439 3200 projeetus
454 3127 510 3180 est.
535 3118 621 3180 Acta
636 3140 764 3203 quoque
780 3119 813 3180 S.
831 3118 914 3182 Petri
931 3119 1054 3181 Graeca
1069 3139 1089 3178 a
1108 3114 1206 3178 Com·

161 3197 272 3263 befisio
294 3201 418 3269 Parisiis
438 3223 522 3266 anno
539 3209 625 3265 1660.
640 3203 737 3280 edita,
751 3203 812 3273 etsi
835 3225 873 3266 ea
893 3202 1042 3266 nondum
1062 3201 1141 3279 vidi,
1156 3220 1205 3262 ea·

162 3283 238 3347 dem
266 3297 383 3365 tamen,
411 3288 461 3351 vel
490 3287 616 3365 similia,
644 3288 761 3350 habere
789 3288 911 3373 colligo
939 3309 978 3351 ex
1012 3280 1207 3352 Renaudotii

163 3367 308 3434 Historia
322 3371 581 3436 Ροινὶονσίιαννννι
594 3370 769 3437 Alexandr.
784 3373 826 3436 ad
844 3395 919 3458 pag.
935 3387 986 3436 58.
1034 3375 1124 3460 Quae
1140 3369 1207 3457 qui·

163 3451 237 3519 dem
252 3467 324 3517 acta
336 3456 452 3521 fabulis
471 3458 586 3522 referta
600 3479 681 3535 esse,
697 3459 826 3522 monuit
840 3459 1024 3543 Basnagius
1038 3460 1074 3522 in
1089 3452 1207 3522 Annei.

163 3536 431 3606 Politice-Eccles.
446 3559 526 3607 tom.
539 3543 574 3607 ii.
587 3565 619 3626 p.
634 3550 704 3607 622.
749 3546 868 3629 Neque
891 3544 932 3607 de
952 3545 1038 3608 actis
1061 3539 1207 3629 martyrii

164 3620 197 3684 S.
214 3622 299 3687 Petri
313 3625 406 3690 Alex.
422 3650 558 3713 usquam
577 3628 655 3692 facit
675 3630 874 3693 mentionem
896 3629 930 3692 in
952 3651 1057 3715 opere
1079 3631 1208 3714 Marty-

162 3706 310 3792 rologieo
325 3723 383 3774 suo
399 3713 579 3777 Ruinartus.
627 3715 736 3778 Immo
751 3715 928 3779 eorundem
942 3720 993 3793 τὴν
1008 3715 1123 3780 νοθείαν
1137 3712 1208 3778 satis

163 3812 321 3878 superque
346 3797 512 3879 probatam
537 3798 628 3863 video
649 3822 671 3864 a
692 3799 856 3877 Cellierio,
885 3800 1030 3866 Histoire
1056 3796 1210 3866 Generis

163 3876 216 3940 des
229 3880 377 3957 Auteurs,
392 3895 481 3981 tome
492 3883 533 3983 ir.
548 3904 580 3968 p.
595 3898 644 3949 18.
687 3887 911 3984 Quamobrem
925 3899 961 3951 et
975 3886 1052 3951 haec
1068 3904 1207 3974 quoque,

161 3982 244 4115 μου.
263 3965 356 4062 i'etro
378 3966 546 4064 adscrrpnt
567 3971 769 4068 Anastasius,
789 3971 888 4059 juxta
911 3984 1017 4059 atque
1042 3973 1115 4055 illa,
1140 3991 1213 4060 que:

183 4062 369 4131 ustrnumns,
381 4051 483 4120 iubens
497 4066 646 4141 praetem.
