<?xml version="1.0" encoding="UTF-8"?>
<!DOCTYPE html PUBLIC "-//W3C//DTD XHTML 1.0 Transitional//EN"
    "http://www.w3.org/TR/xhtml1/DTD/xhtml1-transitional.dtd">
<html xmlns="http://www.w3.org/1999/xhtml" xml:lang="en" lang="en">
 <head>
  <title>
</title>
<meta http-equiv="Content-Type" content="text/html;charset=utf-8" />
  <meta name='ocr-system' content='tesseract 3.04.00' />
  <meta name='ocr-capabilities' content='ocr_page ocr_carea ocr_par ocr_line ocrx_word'/>
</head>
<body>
  <div class='ocr_page' id='page_1' title='image "./reliquiaesacrae11routgoog_0436.png"; bbox 0 0 2678 4756; ppageno 0'>
   <div class='ocr_carea' id='block_1_1' title="bbox 261 266 1178 359">
    <p class='ocr_par' dir='ltr' id='par_1_1' title="bbox 261 266 1178 359">
     <span class='ocr_line' id='line_1_1' title="bbox 261 266 1178 359; baseline 0.002 -22"><span class='ocrx_word' id='word_1_1' title='bbox 261 272 312 340; x_wconf 82' lang='grc' dir='ltr'>ΙΝ</span> <span class='ocrx_word' id='word_1_2' title='bbox 334 266 579 341; x_wconf 81' lang='lat' dir='ltr'>ANCYRANI</span> <span class='ocrx_word' id='word_1_3' title='bbox 606 271 815 341; x_wconf 84' lang='lat' dir='ltr'>CONCILII</span> <span class='ocrx_word' id='word_1_4' title='bbox 840 271 1067 338; x_wconf 82' lang='lat' dir='ltr'>CANONES.</span> <span class='ocrx_word' id='word_1_5' title='bbox 1115 288 1178 359; x_wconf 75' lang='lat'>423</span> 
     </span>
    </p>
   </div>
   <div class='ocr_carea' id='block_1_2' title="bbox 535 434 803 544">
    <p class='ocr_par' dir='ltr' id='par_1_2' title="bbox 535 434 803 544">
     <span class='ocr_line' id='line_1_2' title="bbox 535 434 803 544; baseline -0.004 -3"><span class='ocrx_word' id='word_1_6' title='bbox 535 476 699 544; x_wconf 75' lang='lat' dir='ltr'>onnon</span> <span class='ocrx_word' id='word_1_7' title='bbox 731 434 803 541; x_wconf 62' lang='lat' dir='ltr'>111.v</span> 
     </span>
    </p>
   </div>
   <div class='ocr_carea' id='block_1_3' title="bbox 140 609 1201 3798">
    <p class='ocr_par' dir='ltr' id='par_1_3' title="bbox 142 609 1177 958">
     <span class='ocr_line' id='line_1_3' title="bbox 190 609 1176 698; baseline -0.002 -20"><span class='ocrx_word' id='word_1_8' title='bbox 190 613 225 678; x_wconf 85' lang='lat' dir='ltr'>P.</span> <span class='ocrx_word' id='word_1_9' title='bbox 237 619 306 678; x_wconf 80' lang='lat'>406.</span> <span class='ocrx_word' id='word_1_10' title='bbox 323 613 345 677; x_wconf 88' lang='lat' dir='ltr'>l.</span> <span class='ocrx_word' id='word_1_11' title='bbox 360 628 406 678; x_wconf 90' lang='grc'>10.</span> <span class='ocrx_word' id='word_1_12' title='bbox 428 612 443 692; x_wconf 68' lang='grc' dir='ltr'>ἢ</span> <span class='ocrx_word' id='word_1_13' title='bbox 457 616 506 678; x_wconf 74' lang='grc' dir='ltr'>ὑπὸ</span> <span class='ocrx_word' id='word_1_14' title='bbox 519 614 620 678; x_wconf 73' lang='grc' dir='ltr'><strong><em>οἰκείαν</em></strong></span> <span class='ocrx_word' id='word_1_15' title='bbox 634 612 861 698; x_wconf 66' lang='grc' dir='ltr'>παραδοθέντας]</span> <span class='ocrx_word' id='word_1_16' title='bbox 879 610 997 698; x_wconf 81' lang='lat' dir='ltr'>Agitur</span> <span class='ocrx_word' id='word_1_17' title='bbox 1011 612 1093 676; x_wconf 80' lang='lat' dir='ltr'>inter</span> <span class='ocrx_word' id='word_1_18' title='bbox 1107 609 1176 676; x_wconf 61' lang='grc' dir='ltr'>ΜΘ</span> 
     </span>
     <span class='ocr_line' id='line_1_4' title="bbox 142 696 1177 786; baseline -0.005 -22"><span class='ocrx_word' id='word_1_19' title='bbox 142 697 188 764; x_wconf 88' lang='lat' dir='ltr'>de</span> <span class='ocrx_word' id='word_1_20' title='bbox 208 699 281 777; x_wconf 89' lang='lat' dir='ltr'>illis,</span> <span class='ocrx_word' id='word_1_21' title='bbox 303 700 358 786; x_wconf 93' lang='lat' dir='ltr'>qui</span> <span class='ocrx_word' id='word_1_22' title='bbox 379 722 448 765; x_wconf 87' lang='lat' dir='ltr'>sese</span> <span class='ocrx_word' id='word_1_23' title='bbox 469 700 634 765; x_wconf 84' lang='lat' dir='ltr'>certamini</span> <span class='ocrx_word' id='word_1_24' title='bbox 653 699 739 764; x_wconf 87' lang='lat' dir='ltr'>haud</span> <span class='ocrx_word' id='word_1_25' title='bbox 761 721 819 763; x_wconf 89' lang='lat' dir='ltr'>sua</span> <span class='ocrx_word' id='word_1_26' title='bbox 839 713 954 783; x_wconf 82' lang='lat' dir='ltr'>sponte</span> <span class='ocrx_word' id='word_1_27' title='bbox 975 696 1177 761; x_wconf 86' lang='lat' dir='ltr'>obtulissent.</span> 
     </span>
     <span class='ocr_line' id='line_1_5' title="bbox 144 782 1176 881; baseline -0.004 -31"><span class='ocrx_word' id='word_1_28' title='bbox 144 786 238 850; x_wconf 82' lang='lat' dir='ltr'>Voce</span> <span class='ocrx_word' id='word_1_29' title='bbox 250 800 357 850; x_wconf 82' lang='lat' dir='ltr'>autern</span> <span class='ocrx_word' id='word_1_30' title='bbox 372 784 477 863; x_wconf 73' lang='grc' dir='ltr'><strong><em>ἄλλος,</em></strong></span> <span class='ocrx_word' id='word_1_31' title='bbox 492 808 587 873; x_wconf 83' lang='lat' dir='ltr'>quam</span> <span class='ocrx_word' id='word_1_32' title='bbox 604 785 710 850; x_wconf 87' lang='lat' dir='ltr'>Latini</span> <span class='ocrx_word' id='word_1_33' title='bbox 724 785 913 870; x_wconf 80' lang='lat' dir='ltr'>interpretes</span> <span class='ocrx_word' id='word_1_34' title='bbox 928 782 1095 860; x_wconf 90' lang='lat' dir='ltr'>omittunt,</span> <span class='ocrx_word' id='word_1_35' title='bbox 1109 782 1176 881; x_wconf 70' lang='lat' dir='ltr'>sig·</span> 
     </span>
     <span class='ocr_line' id='line_1_6' title="bbox 144 867 1177 958; baseline -0.002 -24"><span class='ocrx_word' id='word_1_36' title='bbox 144 868 267 935; x_wconf 84' lang='lat' dir='ltr'>nificari</span> <span class='ocrx_word' id='word_1_37' title='bbox 278 871 473 936; x_wconf 83' lang='lat' dir='ltr'>videturalio</span> <span class='ocrx_word' id='word_1_38' title='bbox 483 871 594 958; x_wconf 88' lang='lat' dir='ltr'>quovis</span> <span class='ocrx_word' id='word_1_39' title='bbox 605 870 704 937; x_wconf 86' lang='lat' dir='ltr'>modo</span> <span class='ocrx_word' id='word_1_40' title='bbox 714 870 802 934; x_wconf 84' lang='lat' dir='ltr'>illata</span> <span class='ocrx_word' id='word_1_41' title='bbox 811 871 970 933; x_wconf 88' lang='lat' dir='ltr'>bonorum</span> <span class='ocrx_word' id='word_1_42' title='bbox 981 867 1177 933; x_wconf 74' lang='lat' dir='ltr'>confiscatio.</span> 
     </span>
    </p>

    <p class='ocr_par' dir='ltr' id='par_1_4' title="bbox 140 953 1201 1900">
     <span class='ocr_line' id='line_1_7' title="bbox 191 953 1177 1042; baseline 0 -23"><span class='ocrx_word' id='word_1_43' title='bbox 191 956 274 1020; x_wconf 81' lang='lat' dir='ltr'>ibid.</span> <span class='ocrx_word' id='word_1_44' title='bbox 293 958 379 1021; x_wconf 83' lang='lat' dir='ltr'>l.13.</span> <span class='ocrx_word' id='word_1_45' title='bbox 408 958 625 1042; x_wconf 69' lang='grc' dir='ltr'><strong><em>περοχνθίντας]</em></strong></span> <span class='ocrx_word' id='word_1_46' title='bbox 653 959 713 1020; x_wconf 89' lang='lat' dir='ltr'>Pro</span> <span class='ocrx_word' id='word_1_47' title='bbox 733 955 860 1042; x_wconf 77' lang='lat' dir='ltr'>vulgato</span> <span class='ocrx_word' id='word_1_48' title='bbox 881 955 1091 1042; x_wconf 66' lang='grc' dir='ltr'>ωερνχοθίντας</span> <span class='ocrx_word' id='word_1_49' title='bbox 1113 953 1177 1019; x_wconf 73' lang='lat' dir='ltr'>hoc</span> 
     </span>
     <span class='ocr_line' id='line_1_8' title="bbox 143 1040 1177 1192; baseline 0.001 -88"><span class='ocrx_word' id='word_1_50' title='bbox 143 1042 352 1142; x_wconf 61' lang='grc' dir='ltr'>σερίχοθίντας</span> <span class='ocrx_word' id='word_1_51' title='bbox 364 1043 471 1192; x_wconf 48' lang='lat' dir='ltr'>recepi</span> <span class='ocrx_word' id='word_1_52' title='bbox 484 1066 523 1106; x_wconf 88' lang='lat' dir='ltr'>ex</span> <span class='ocrx_word' id='word_1_53' title='bbox 536 1043 622 1106; x_wconf 88' lang='lat' dir='ltr'>codd.</span> <span class='ocrx_word' id='word_1_54' title='bbox 631 1040 726 1113; x_wconf 67' lang='lat' dir='ltr'>,Boot</span> <span class='ocrx_word' id='word_1_55' title='bbox 739 1047 789 1105; x_wconf 82' lang='lat'>26.</span> <span class='ocrx_word' id='word_1_56' title='bbox 802 1056 836 1105; x_wconf 90' lang='lat' dir='ltr'>et</span> <span class='ocrx_word' id='word_1_57' title='bbox 849 1054 915 1104; x_wconf 83' lang='lat'>158.</span> <span class='ocrx_word' id='word_1_58' title='bbox 927 1055 959 1104; x_wconf 86' lang='lat' dir='ltr'>et</span> <span class='ocrx_word' id='word_1_59' title='bbox 970 1045 1040 1104; x_wconf 80' lang='lat'>625.</span> <span class='ocrx_word' id='word_1_60' title='bbox 1052 1041 1177 1105; x_wconf 81' lang='lat' dir='ltr'>Joanne</span> 
     </span>
     <span class='ocr_line' id='line_1_9' title="bbox 144 1126 1177 1211; baseline -0.006 -18"><span class='ocrx_word' id='word_1_61' title='bbox 144 1127 302 1193; x_wconf 74' lang='lat' dir='ltr'>Antioch.</span> <span class='ocrx_word' id='word_1_62' title='bbox 328 1130 360 1192; x_wconf 94' lang='lat' dir='ltr'>in</span> <span class='ocrx_word' id='word_1_63' title='bbox 385 1130 425 1194; x_wconf 84' lang='lat' dir='ltr'>Co</span> <span class='ocrx_word' id='word_1_64' title='bbox 470 1128 569 1193; x_wconf 82' lang='lat' dir='ltr'>ctione</span> <span class='ocrx_word' id='word_1_65' title='bbox 590 1129 761 1206; x_wconf 80' lang='lat' dir='ltr'>Cortonam,</span> <span class='ocrx_word' id='word_1_66' title='bbox 779 1126 964 1211; x_wconf 72' lang='lat' dir='ltr'>,Larinaque</span> <span class='ocrx_word' id='word_1_67' title='bbox 985 1127 1072 1190; x_wconf 78' lang='lat' dir='ltr'>Inter</span> <span class='ocrx_word' id='word_1_68' title='bbox 1093 1135 1177 1188; x_wconf 82' lang='lat' dir='ltr'>reto-</span> 
     </span>
     <span class='ocr_line' id='line_1_10' title="bbox 142 1209 1178 1300; baseline -0.002 -24"><span class='ocrx_word' id='word_1_69' title='bbox 142 1212 230 1277; x_wconf 79' lang='lat' dir='ltr'>tione</span> <span class='ocrx_word' id='word_1_70' title='bbox 252 1215 402 1300; x_wconf 86' lang='lat' dir='ltr'>Dionysii</span> <span class='ocrx_word' id='word_1_71' title='bbox 426 1214 554 1300; x_wconf 82' lang='lat' dir='ltr'>Exigui,</span> <span class='ocrx_word' id='word_1_72' title='bbox 579 1236 653 1300; x_wconf 87' lang='lat' dir='ltr'>quae</span> <span class='ocrx_word' id='word_1_73' title='bbox 678 1213 786 1291; x_wconf 85' lang='lat' dir='ltr'>habet,</span> <span class='ocrx_word' id='word_1_74' title='bbox 806 1222 839 1275; x_wconf 81' lang='lat' dir='ltr'>et</span> <span class='ocrx_word' id='word_1_75' title='bbox 859 1234 893 1274; x_wconf 87' lang='lat' dir='ltr'>eo</span> <span class='ocrx_word' id='word_1_76' title='bbox 914 1233 1011 1298; x_wconf 82' lang='lat' dir='ltr'>usque</span> <span class='ocrx_word' id='word_1_77' title='bbox 1091 1209 1178 1274; x_wconf 79' lang='lat' dir='ltr'>tristi</span> 
     </span>
     <span class='ocr_line' id='line_1_11' title="bbox 143 1296 1201 1386; baseline 0.002 -24"><span class='ocrx_word' id='word_1_78' title='bbox 143 1296 232 1378; x_wconf 64' lang='lat' dir='ltr'>unt,</span> <span class='ocrx_word' id='word_1_79' title='bbox 247 1299 426 1363; x_wconf 82' lang='lat' dir='ltr'>isidoriana</span> <span class='ocrx_word' id='word_1_80' title='bbox 443 1301 567 1376; x_wconf 90' lang='lat' dir='ltr'>itidem,</span> <span class='ocrx_word' id='word_1_81' title='bbox 582 1300 614 1363; x_wconf 93' lang='lat' dir='ltr'>in</span> <span class='ocrx_word' id='word_1_82' title='bbox 634 1321 698 1386; x_wconf 88' lang='lat' dir='ltr'>qua</span> <span class='ocrx_word' id='word_1_83' title='bbox 718 1309 816 1375; x_wconf 83' lang='lat' dir='ltr'>extat,</span> <span class='ocrx_word' id='word_1_84' title='bbox 829 1296 980 1382; x_wconf 82' lang='lat' dir='ltr'>perducti.</span> <span class='ocrx_word' id='word_1_85' title='bbox 1026 1298 1124 1360; x_wconf 90' lang='lat' dir='ltr'>Porro</span> <span class='ocrx_word' id='word_1_86' title='bbox 1141 1307 1179 1361; x_wconf 86' lang='lat' dir='ltr'>ut</span> <span class='ocrx_word' id='word_1_87' title='bbox 1198 1358 1201 1365; x_wconf 85' lang='lat'>.</span> 
     </span>
     <span class='ocr_line' id='line_1_12' title="bbox 144 1382 1180 1450; baseline -0.002 -4"><span class='ocrx_word' id='word_1_88' title='bbox 144 1384 269 1448; x_wconf 84' lang='lat' dir='ltr'>varians</span> <span class='ocrx_word' id='word_1_89' title='bbox 285 1386 381 1450; x_wconf 86' lang='lat' dir='ltr'>lectio</span> <span class='ocrx_word' id='word_1_90' title='bbox 395 1385 524 1449; x_wconf 84' lang='lat' dir='ltr'>affertur</span> <span class='ocrx_word' id='word_1_91' title='bbox 537 1385 577 1448; x_wconf 89' lang='lat' dir='ltr'>ad</span> <span class='ocrx_word' id='word_1_92' title='bbox 592 1407 680 1448; x_wconf 86' lang='lat' dir='ltr'>oram</span> <span class='ocrx_word' id='word_1_93' title='bbox 696 1384 875 1450; x_wconf 87' lang='lat' dir='ltr'>Justelliani</span> <span class='ocrx_word' id='word_1_94' title='bbox 890 1382 1009 1447; x_wconf 82' lang='lat' dir='ltr'>Codicis</span> <span class='ocrx_word' id='word_1_95' title='bbox 1021 1383 1180 1447; x_wconf 82' lang='lat' dir='ltr'>Cononum</span> 
     </span>
     <span class='ocr_line' id='line_1_13' title="bbox 143 1467 1180 1557; baseline -0.003 -23"><span class='ocrx_word' id='word_1_96' title='bbox 143 1469 302 1535; x_wconf 79' lang='lat' dir='ltr'>Ecclesioe</span> <span class='ocrx_word' id='word_1_97' title='bbox 316 1470 408 1536; x_wconf 83' lang='lat' dir='ltr'>Unio.</span> <span class='ocrx_word' id='word_1_98' title='bbox 422 1488 519 1557; x_wconf 86' lang='lat' dir='ltr'>atque</span> <span class='ocrx_word' id='word_1_99' title='bbox 533 1471 711 1535; x_wconf 88' lang='lat' dir='ltr'>editionum</span> <span class='ocrx_word' id='word_1_100' title='bbox 727 1469 860 1534; x_wconf 81' lang='lat' dir='ltr'>Labbaei</span> <span class='ocrx_word' id='word_1_101' title='bbox 874 1483 908 1532; x_wconf 93' lang='lat' dir='ltr'>et</span> <span class='ocrx_word' id='word_1_102' title='bbox 923 1467 1084 1532; x_wconf 89' lang='lat' dir='ltr'>Harduini</span> <span class='ocrx_word' id='word_1_103' title='bbox 1100 1468 1180 1532; x_wconf 82' lang='lat' dir='ltr'>Con·</span> 
     </span>
     <span class='ocr_line' id='line_1_14' title="bbox 142 1552 1179 1644; baseline -0.001 -26"><span class='ocrx_word' id='word_1_104' title='bbox 142 1552 299 1635; x_wconf 77' lang='lat' dir='ltr'>ciliorum,</span> <span class='ocrx_word' id='word_1_105' title='bbox 312 1558 543 1644; x_wconf 85' lang='lat' dir='ltr'>comprobante</span> <span class='ocrx_word' id='word_1_106' title='bbox 561 1578 631 1620; x_wconf 88' lang='lat' dir='ltr'>eam</span> <span class='ocrx_word' id='word_1_107' title='bbox 651 1556 820 1621; x_wconf 83' lang='lat' dir='ltr'>Johnsono</span> <span class='ocrx_word' id='word_1_108' title='bbox 839 1553 879 1618; x_wconf 91' lang='lat' dir='ltr'>ad</span> <span class='ocrx_word' id='word_1_109' title='bbox 894 1553 1066 1640; x_wconf 84' lang='lat' dir='ltr'>Anglicam</span> <span class='ocrx_word' id='word_1_110' title='bbox 1088 1574 1179 1618; x_wconf 78' lang='lat' dir='ltr'>suam</span> 
     </span>
     <span class='ocr_line' id='line_1_15' title="bbox 146 1639 1180 1707; baseline -0.001 -2"><span class='ocrx_word' id='word_1_111' title='bbox 146 1641 309 1706; x_wconf 80' lang='grc' dir='ltr'><strong><em>Οονιονιοιοι</em></strong></span> <span class='ocrx_word' id='word_1_112' title='bbox 327 1642 508 1707; x_wconf 84' lang='lat' dir='ltr'>Versionem.</span> <span class='ocrx_word' id='word_1_113' title='bbox 543 1643 685 1707; x_wconf 79' lang='lat' dir='ltr'>Zonaras</span> <span class='ocrx_word' id='word_1_114' title='bbox 698 1662 771 1705; x_wconf 87' lang='lat' dir='ltr'>vero</span> <span class='ocrx_word' id='word_1_115' title='bbox 786 1640 920 1705; x_wconf 86' lang='lat' dir='ltr'>alteram</span> <span class='ocrx_word' id='word_1_116' title='bbox 932 1639 1052 1704; x_wconf 90' lang='lat' dir='ltr'>invenit</span> <span class='ocrx_word' id='word_1_117' title='bbox 1066 1639 1180 1704; x_wconf 80' lang='lat' dir='ltr'>lectio·</span> 
     </span>
     <span class='ocr_line' id='line_1_16' title="bbox 144 1722 1182 1815; baseline -0.002 -25"><span class='ocrx_word' id='word_1_118' title='bbox 144 1749 235 1806; x_wconf 87' lang='lat' dir='ltr'>nem,</span> <span class='ocrx_word' id='word_1_119' title='bbox 250 1729 306 1814; x_wconf 93' lang='lat' dir='ltr'>qui</span> <span class='ocrx_word' id='word_1_120' title='bbox 320 1727 423 1814; x_wconf 83' lang='lat' dir='ltr'>ipsam</span> <span class='ocrx_word' id='word_1_121' title='bbox 437 1728 483 1792; x_wconf 85' lang='lat' dir='ltr'>ita</span> <span class='ocrx_word' id='word_1_122' title='bbox 496 1730 721 1815; x_wconf 87' lang='lat' dir='ltr'>interpretatus</span> <span class='ocrx_word' id='word_1_123' title='bbox 740 1727 880 1791; x_wconf 76' lang='lat' dir='ltr'>est—mi</span> <span class='ocrx_word' id='word_1_124' title='bbox 898 1725 1111 1812; x_wconf 68' lang='grc' dir='ltr'>αερνχιθίντας</span> <span class='ocrx_word' id='word_1_125' title='bbox 1129 1722 1182 1802; x_wconf 74' lang='grc' dir='ltr'>τίς</span> 
     </span>
     <span class='ocr_line' id='line_1_17' title="bbox 140 1811 547 1900; baseline 0.007 -25"><span class='ocrx_word' id='word_1_126' title='bbox 140 1811 272 1899; x_wconf 77' lang='grc' dir='ltr'><strong><em>χίτωνας</em></strong></span> <span class='ocrx_word' id='word_1_127' title='bbox 284 1812 330 1894; x_wconf 65' lang='grc' dir='ltr'>καὶ</span> <span class='ocrx_word' id='word_1_128' title='bbox 340 1814 547 1900; x_wconf 79' lang='grc' dir='ltr'>γυμναθίντας.</span> 
     </span>
    </p>

    <p class='ocr_par' dir='ltr' id='par_1_5' title="bbox 143 1897 1186 3099">
     <span class='ocr_line' id='line_1_18' title="bbox 193 1897 1180 1986; baseline -0.001 -25"><span class='ocrx_word' id='word_1_129' title='bbox 193 1898 277 1963; x_wconf 86' lang='lat' dir='ltr'>ibid.</span> <span class='ocrx_word' id='word_1_130' title='bbox 291 1899 314 1963; x_wconf 94' lang='lat' dir='ltr'>l.</span> <span class='ocrx_word' id='word_1_131' title='bbox 332 1915 378 1964; x_wconf 78' lang='lat'>14.</span> <span class='ocrx_word' id='word_1_132' title='bbox 400 1905 436 1975; x_wconf 78' lang='grc' dir='ltr'>εἰς</span> <span class='ocrx_word' id='word_1_133' title='bbox 448 1904 500 1974; x_wconf 77' lang='grc' dir='ltr'>τὰς</span> <span class='ocrx_word' id='word_1_134' title='bbox 510 1901 625 1986; x_wconf 75' lang='grc' dir='ltr'><strong><em>χεῖρας]</em></strong></span> <span class='ocrx_word' id='word_1_135' title='bbox 643 1899 802 1964; x_wconf 89' lang='lat' dir='ltr'>Additum</span> <span class='ocrx_word' id='word_1_136' title='bbox 821 1912 870 1964; x_wconf 84' lang='lat' dir='ltr'>ost</span> <span class='ocrx_word' id='word_1_137' title='bbox 889 1924 917 1962; x_wconf 78' lang='grc' dir='ltr'>τι</span> <span class='ocrx_word' id='word_1_138' title='bbox 940 1898 973 1961; x_wconf 93' lang='lat' dir='ltr'>in</span> <span class='ocrx_word' id='word_1_139' title='bbox 992 1897 1065 1962; x_wconf 84' lang='lat' dir='ltr'>edit.</span> <span class='ocrx_word' id='word_1_140' title='bbox 1081 1897 1180 1961; x_wconf 80' lang='lat' dir='ltr'>Beue·</span> 
     </span>
     <span class='ocr_line' id='line_1_19' title="bbox 145 1981 1182 2083; baseline -0.004 -34"><span class='ocrx_word' id='word_1_141' title='bbox 145 1983 240 2072; x_wconf 79' lang='lat' dir='ltr'>regii,</span> <span class='ocrx_word' id='word_1_142' title='bbox 255 1983 343 2072; x_wconf 92' lang='lat' dir='ltr'>quod</span> <span class='ocrx_word' id='word_1_143' title='bbox 363 1985 509 2051; x_wconf 89' lang='lat' dir='ltr'>nesciunt</span> <span class='ocrx_word' id='word_1_144' title='bbox 529 2007 594 2049; x_wconf 94' lang='lat' dir='ltr'>non</span> <span class='ocrx_word' id='word_1_145' title='bbox 615 2000 738 2050; x_wconf 88' lang='lat' dir='ltr'>tantum</span> <span class='ocrx_word' id='word_1_146' title='bbox 760 1984 833 2048; x_wconf 80' lang='lat' dir='ltr'>libri</span> <span class='ocrx_word' id='word_1_147' title='bbox 849 1983 938 2062; x_wconf 81' lang='lat' dir='ltr'>editi,</span> <span class='ocrx_word' id='word_1_148' title='bbox 953 1981 1009 2047; x_wconf 89' lang='lat' dir='ltr'>sed</span> <span class='ocrx_word' id='word_1_149' title='bbox 1024 1994 1058 2046; x_wconf 84' lang='lat' dir='ltr'>et</span> <span class='ocrx_word' id='word_1_150' title='bbox 1072 1981 1182 2083; x_wconf 80' lang='lat' dir='ltr'>scripti</span> 
     </span>
     <span class='ocr_line' id='line_1_20' title="bbox 143 2061 1181 2157; baseline -0.001 -24"><span class='ocrx_word' id='word_1_151' title='bbox 143 2061 313 2157; x_wconf 62' lang='lat' dir='ltr'>‘Bodleiano’</span> <span class='ocrx_word' id='word_1_152' title='bbox 333 2093 436 2136; x_wconf 81' lang='lat' dir='ltr'>omnes</span> <span class='ocrx_word' id='word_1_153' title='bbox 458 2084 573 2156; x_wconf 81' lang='lat' dir='ltr'>proeter</span> <span class='ocrx_word' id='word_1_154' title='bbox 590 2092 687 2134; x_wconf 83' lang='lat' dir='ltr'>unum</span> <span class='ocrx_word' id='word_1_155' title='bbox 704 2070 795 2135; x_wconf 89' lang='lat' dir='ltr'>illum</span> <span class='ocrx_word' id='word_1_156' title='bbox 812 2085 883 2148; x_wconf 82' lang='lat'>205,</span> <span class='ocrx_word' id='word_1_157' title='bbox 898 2074 964 2155; x_wconf 79' lang='lat' dir='ltr'>quo</span> <span class='ocrx_word' id='word_1_158' title='bbox 985 2067 1030 2132; x_wconf 89' lang='lat' dir='ltr'>vir</span> <span class='ocrx_word' id='word_1_159' title='bbox 1048 2068 1181 2133; x_wconf 76' lang='lat' dir='ltr'>doctiss.</span> 
     </span>
     <span class='ocr_line' id='line_1_21' title="bbox 146 2152 1182 2243; baseline 0 -24"><span class='ocrx_word' id='word_1_160' title='bbox 146 2155 342 2243; x_wconf 79' lang='lat' dir='ltr'>Boveregius</span> <span class='ocrx_word' id='word_1_161' title='bbox 356 2178 432 2223; x_wconf 89' lang='lat' dir='ltr'>usus</span> <span class='ocrx_word' id='word_1_162' title='bbox 447 2178 516 2221; x_wconf 85' lang='lat' dir='ltr'>esse</span> <span class='ocrx_word' id='word_1_163' title='bbox 531 2155 665 2220; x_wconf 87' lang='lat' dir='ltr'>videtur.</span> <span class='ocrx_word' id='word_1_164' title='bbox 687 2157 744 2220; x_wconf 85' lang='lat' dir='ltr'>Ait</span> <span class='ocrx_word' id='word_1_165' title='bbox 757 2169 866 2220; x_wconf 86' lang='lat' dir='ltr'>autem</span> <span class='ocrx_word' id='word_1_166' title='bbox 881 2157 1022 2219; x_wconf 84' lang='lat' dir='ltr'>Zonaras</span> <span class='ocrx_word' id='word_1_167' title='bbox 1037 2152 1182 2219; x_wconf 81' lang='lat' dir='ltr'>adhunc</span> 
     </span>
     <span class='ocr_line' id='line_1_22' title="bbox 148 2238 1181 2347; baseline 0 -43"><span class='ocrx_word' id='word_1_168' title='bbox 148 2238 338 2320; x_wconf 68' lang='lat' dir='ltr'>Cononem</span> <span class='ocrx_word' id='word_1_169' title='bbox 362 2240 436 2323; x_wconf 63' lang='lat' dir='ltr'>soii</span> <span class='ocrx_word' id='word_1_170' title='bbox 451 2247 486 2317; x_wconf 76' lang='grc' dir='ltr'>εἰς</span> <span class='ocrx_word' id='word_1_171' title='bbox 500 2245 552 2317; x_wconf 80' lang='grc' dir='ltr'>τοὶς</span> <span class='ocrx_word' id='word_1_172' title='bbox 561 2244 662 2347; x_wconf 65' lang='grc' dir='ltr'><strong><em>χεῖρας</em></strong></span> <span class='ocrx_word' id='word_1_173' title='bbox 676 2245 765 2305; x_wconf 67' lang='grc' dir='ltr'><strong><em>αὐτῶν</em></strong></span> <span class='ocrx_word' id='word_1_174' title='bbox 778 2243 844 2329; x_wconf 66' lang='grc' dir='ltr'>πρὸς</span> <span class='ocrx_word' id='word_1_175' title='bbox 855 2238 920 2321; x_wconf 91' lang='grc' dir='ltr'><strong><em>βίαν</em></strong></span> <span class='ocrx_word' id='word_1_176' title='bbox 930 2238 1051 2304; x_wconf 65' lang='lat' dir='ltr'>sitinus</span> <span class='ocrx_word' id='word_1_177' title='bbox 1065 2238 1181 2319; x_wconf 68' lang='grc' dir='ltr'><strong><em>ἒαείνοον,</em></strong></span> 
     </span>
     <span class='ocr_line' id='line_1_23' title="bbox 148 2323 1182 2412; baseline 0 -22"><span class='ocrx_word' id='word_1_178' title='bbox 148 2323 324 2408; x_wconf 58' lang='lat' dir='ltr'>&amp;piandum</span> <span class='ocrx_word' id='word_1_179' title='bbox 344 2353 372 2390; x_wconf 83' lang='lat' dir='ltr'>rr</span> <span class='ocrx_word' id='word_1_180' title='bbox 392 2336 446 2392; x_wconf 81' lang='grc' dir='ltr'>τῶν</span> <span class='ocrx_word' id='word_1_181' title='bbox 465 2331 645 2410; x_wconf 78' lang='grc' dir='ltr'><strong><em>βοαζομενοον,</em></strong></span> <span class='ocrx_word' id='word_1_182' title='bbox 664 2326 716 2390; x_wconf 81' lang='lat' dir='ltr'>sior</span> <span class='ocrx_word' id='word_1_183' title='bbox 735 2325 886 2390; x_wconf 66' lang='grc' dir='ltr'><strong><em>λιβανωτὸν</em></strong></span> <span class='ocrx_word' id='word_1_184' title='bbox 904 2325 920 2404; x_wconf 69' lang='grc' dir='ltr'>ἢ</span> <span class='ocrx_word' id='word_1_185' title='bbox 935 2324 1022 2412; x_wconf 59' lang='lat' dir='ltr'>iupis</span> <span class='ocrx_word' id='word_1_186' title='bbox 1035 2351 1063 2389; x_wconf 83' lang='lat' dir='ltr'>rr</span> <span class='ocrx_word' id='word_1_187' title='bbox 1078 2330 1114 2400; x_wconf 77' lang='grc' dir='ltr'>οἷς</span> <span class='ocrx_word' id='word_1_188' title='bbox 1127 2330 1182 2390; x_wconf 67' lang='grc' dir='ltr'>θν-</span> 
     </span>
     <span class='ocr_line' id='line_1_24' title="bbox 146 2411 1183 2499; baseline 0.002 -25"><span class='ocrx_word' id='word_1_189' title='bbox 146 2411 215 2475; x_wconf 75' lang='grc' dir='ltr'><strong><em>σίαν</em></strong></span> <span class='ocrx_word' id='word_1_190' title='bbox 228 2415 283 2488; x_wconf 79' lang='grc' dir='ltr'>τοῖς</span> <span class='ocrx_word' id='word_1_191' title='bbox 296 2414 506 2499; x_wconf 74' lang='grc' dir='ltr'><strong>εἰδωλολάτραις</strong></span> <span class='ocrx_word' id='word_1_192' title='bbox 519 2412 751 2498; x_wconf 67' lang='grc' dir='ltr'><strong><em>προσαγομένων,</em></strong></span> <span class='ocrx_word' id='word_1_193' title='bbox 765 2412 781 2490; x_wconf 69' lang='grc' dir='ltr'>ἢ</span> <span class='ocrx_word' id='word_1_194' title='bbox 794 2412 896 2499; x_wconf 71' lang='grc' dir='ltr'><strong><em>βρῶμά</em></strong></span> <span class='ocrx_word' id='word_1_195' title='bbox 916 2437 943 2474; x_wconf 80' lang='lat' dir='ltr'>rr</span> <span class='ocrx_word' id='word_1_196' title='bbox 962 2420 1017 2475; x_wconf 79' lang='grc' dir='ltr'>τῶν</span> <span class='ocrx_word' id='word_1_197' title='bbox 1034 2411 1183 2476; x_wconf 64' lang='grc' dir='ltr'>εἰδωλοθύ-</span> 
     </span>
     <span class='ocr_line' id='line_1_25' title="bbox 147 2492 1184 2608; baseline 0.002 -48"><span class='ocrx_word' id='word_1_198' title='bbox 147 2522 204 2560; x_wconf 81' lang='grc' dir='ltr'>ταν</span> <span class='ocrx_word' id='word_1_199' title='bbox 217 2497 375 2580; x_wconf 56' lang='lat' dir='ltr'>&amp;lapissus</span> <span class='ocrx_word' id='word_1_200' title='bbox 395 2504 431 2574; x_wconf 80' lang='grc' dir='ltr'>είς</span> <span class='ocrx_word' id='word_1_201' title='bbox 448 2503 480 2563; x_wconf 80' lang='grc' dir='ltr'>τὸ</span> <span class='ocrx_word' id='word_1_202' title='bbox 500 2496 586 2580; x_wconf 84' lang='grc' dir='ltr'><strong><em>ςίμα,</em></strong></span> <span class='ocrx_word' id='word_1_203' title='bbox 599 2499 673 2608; x_wconf 63' lang='lat' dir='ltr'>aspie</span> <span class='ocrx_word' id='word_1_204' title='bbox 685 2497 811 2584; x_wconf 77' lang='grc' dir='ltr'><strong><em>ἀνάγκην</em></strong></span> <span class='ocrx_word' id='word_1_205' title='bbox 824 2500 891 2561; x_wconf 77' lang='grc' dir='ltr'><strong><em>αὐτὸ</em></strong></span> <span class='ocrx_word' id='word_1_206' title='bbox 904 2505 958 2561; x_wconf 76' lang='grc' dir='ltr'>τῶν</span> <span class='ocrx_word' id='word_1_207' title='bbox 971 2500 1078 2576; x_wconf 77' lang='grc' dir='ltr'><strong><em>βναςῶν</em></strong></span> <span class='ocrx_word' id='word_1_208' title='bbox 1091 2492 1184 2579; x_wconf 58' lang='lat' dir='ltr'>ipiu-</span> 
     </span>
     <span class='ocr_line' id='line_1_26' title="bbox 147 2582 1184 2664; baseline 0.003 -18"><span class='ocrx_word' id='word_1_209' title='bbox 147 2582 262 2664; x_wconf 77' lang='grc' dir='ltr'><strong><em>λίνῐων,</em></strong></span> <span class='ocrx_word' id='word_1_210' title='bbox 276 2583 328 2659; x_wconf 71' lang='grc' dir='ltr'>τίς</span> <span class='ocrx_word' id='word_1_211' title='bbox 339 2583 447 2649; x_wconf 68' lang='lat' dir='ltr'>rosiris</span> <span class='ocrx_word' id='word_1_212' title='bbox 463 2610 492 2649; x_wconf 81' lang='lat' dir='ltr'>rr</span> <span class='ocrx_word' id='word_1_213' title='bbox 511 2590 684 2659; x_wconf 68' lang='grc' dir='ltr'><strong><em>σοπονθοῐας</em></strong></span> <span class='ocrx_word' id='word_1_214' title='bbox 700 2584 760 2648; x_wconf 75' lang='lat' dir='ltr'>dte.</span> <span class='ocrx_word' id='word_1_215' title='bbox 797 2583 960 2648; x_wconf 75' lang='lat' dir='ltr'>Caeterum</span> <span class='ocrx_word' id='word_1_216' title='bbox 976 2583 1040 2662; x_wconf 84' lang='lat' dir='ltr'>hic,</span> <span class='ocrx_word' id='word_1_217' title='bbox 1054 2597 1087 2647; x_wconf 85' lang='lat' dir='ltr'>et</span> <span class='ocrx_word' id='word_1_218' title='bbox 1101 2583 1184 2649; x_wconf 76' lang='lat' dir='ltr'>infru</span> 
     </span>
     <span class='ocr_line' id='line_1_27' title="bbox 148 2667 1183 2758; baseline 0.002 -26"><span class='ocrx_word' id='word_1_219' title='bbox 148 2667 183 2732; x_wconf 87' lang='lat' dir='ltr'>in</span> <span class='ocrx_word' id='word_1_220' title='bbox 206 2667 339 2734; x_wconf 85' lang='lat' dir='ltr'>Canone</span> <span class='ocrx_word' id='word_1_221' title='bbox 360 2671 420 2735; x_wconf 82' lang='lat' dir='ltr'>lv.</span> <span class='ocrx_word' id='word_1_222' title='bbox 442 2669 514 2758; x_wconf 72' lang='grc' dir='ltr'>ωρὸς</span> <span class='ocrx_word' id='word_1_223' title='bbox 535 2670 600 2751; x_wconf 85' lang='grc' dir='ltr'><strong><em>βίαν</em></strong></span> <span class='ocrx_word' id='word_1_224' title='bbox 621 2670 765 2757; x_wconf 89' lang='lat' dir='ltr'>positum</span> <span class='ocrx_word' id='word_1_225' title='bbox 786 2684 836 2735; x_wconf 85' lang='lat' dir='ltr'>est</span> <span class='ocrx_word' id='word_1_226' title='bbox 856 2690 917 2755; x_wconf 91' lang='lat' dir='ltr'>pro</span> <span class='ocrx_word' id='word_1_227' title='bbox 938 2668 1047 2752; x_wconf 81' lang='grc' dir='ltr'><strong><em>βιαίας,</em></strong></span> <span class='ocrx_word' id='word_1_228' title='bbox 1091 2690 1183 2734; x_wconf 85' lang='lat' dir='ltr'>uem·</span> 
     </span>
     <span class='ocr_line' id='line_1_28' title="bbox 148 2691 1186 2844; baseline 0.003 -26"><span class='ocrx_word' id='word_1_229' title='bbox 148 2752 325 2820; x_wconf 84' lang='lat' dir='ltr'>admodum</span> <span class='ocrx_word' id='word_1_230' title='bbox 345 2756 453 2821; x_wconf 88' lang='lat' dir='ltr'>statim</span> <span class='ocrx_word' id='word_1_231' title='bbox 468 2771 542 2842; x_wconf 86' lang='lat' dir='ltr'>post</span> <span class='ocrx_word' id='word_1_232' title='bbox 555 2759 628 2844; x_wconf 66' lang='grc' dir='ltr'>πρὸς</span> <span class='ocrx_word' id='word_1_233' title='bbox 641 2756 766 2840; x_wconf 75' lang='grc' dir='ltr'><strong><em>ἀνάγκην</em></strong></span> <span class='ocrx_word' id='word_1_234' title='bbox 780 2776 839 2840; x_wconf 89' lang='lat' dir='ltr'>pro</span> <span class='ocrx_word' id='word_1_235' title='bbox 853 2752 1024 2840; x_wconf 68' lang='grc' dir='ltr'><strong><em>ἀναγκαίας.</em></strong></span> <span class='ocrx_word' id='word_1_236' title='bbox 1067 2691 1186 2821; x_wconf 62' lang='lat' dir='ltr'>itioris</span> 
     </span>
     <span class='ocr_line' id='line_1_29' title="bbox 148 2840 1185 2928; baseline 0.004 -26"><span class='ocrx_word' id='word_1_237' title='bbox 148 2853 259 2905; x_wconf 88' lang='lat' dir='ltr'>autem</span> <span class='ocrx_word' id='word_1_238' title='bbox 279 2840 427 2906; x_wconf 84' lang='lat' dir='ltr'>formulae</span> <span class='ocrx_word' id='word_1_239' title='bbox 447 2841 631 2928; x_wconf 87' lang='lat' dir='ltr'>exemplum</span> <span class='ocrx_word' id='word_1_240' title='bbox 652 2842 777 2927; x_wconf 73' lang='lat' dir='ltr'>prabet</span> <span class='ocrx_word' id='word_1_241' title='bbox 795 2840 974 2905; x_wconf 86' lang='lat' dir='ltr'>Clementis</span> <span class='ocrx_word' id='word_1_242' title='bbox 989 2840 1080 2904; x_wconf 87' lang='lat' dir='ltr'>Alex.</span> <span class='ocrx_word' id='word_1_243' title='bbox 1097 2842 1185 2906; x_wconf 83' lang='lat' dir='ltr'>Stro-</span> 
     </span>
     <span class='ocr_line' id='line_1_30' title="bbox 148 2926 1184 3013; baseline 0.002 -24"><span class='ocrx_word' id='word_1_244' title='bbox 148 2935 270 2989; x_wconf 79' lang='lat' dir='ltr'>matum</span> <span class='ocrx_word' id='word_1_245' title='bbox 284 2926 340 2990; x_wconf 87' lang='lat' dir='ltr'>lib.</span> <span class='ocrx_word' id='word_1_246' title='bbox 353 2926 404 2991; x_wconf 88' lang='lat' dir='ltr'>vii.</span> <span class='ocrx_word' id='word_1_247' title='bbox 419 2926 460 2991; x_wconf 83' lang='lat' dir='ltr'>ad</span> <span class='ocrx_word' id='word_1_248' title='bbox 475 2949 550 3013; x_wconf 86' lang='lat' dir='ltr'>pag.</span> <span class='ocrx_word' id='word_1_249' title='bbox 563 2934 631 2991; x_wconf 79' lang='lat' dir='ltr'>sos:</span> <span class='ocrx_word' id='word_1_250' title='bbox 647 2926 698 2990; x_wconf 87' lang='lat' dir='ltr'>ed.</span> <span class='ocrx_word' id='word_1_251' title='bbox 711 2926 840 2991; x_wconf 87' lang='lat' dir='ltr'>Potteri.</span> <span class='ocrx_word' id='word_1_252' title='bbox 861 2926 1017 2990; x_wconf 73' lang='grc' dir='ltr'><strong><em>ἀπεδύσατο</em></strong></span> <span class='ocrx_word' id='word_1_253' title='bbox 1033 2926 1060 2988; x_wconf 74' lang='lat' dir='ltr'>di</span> <span class='ocrx_word' id='word_1_254' title='bbox 1076 2928 1184 3010; x_wconf 78' lang='lat' dir='ltr'>(dose-</span> 
     </span>
     <span class='ocr_line' id='line_1_31' title="bbox 148 3008 1167 3099; baseline 0.002 -25"><span class='ocrx_word' id='word_1_255' title='bbox 148 3008 246 3096; x_wconf 81' lang='lat' dir='ltr'>phus)</span> <span class='ocrx_word' id='word_1_256' title='bbox 264 3016 332 3099; x_wconf 64' lang='lat' dir='ltr'>why</span> <span class='ocrx_word' id='word_1_257' title='bbox 350 3013 453 3093; x_wconf 86' lang='lat' dir='ltr'>(uxori</span> <span class='ocrx_word' id='word_1_258' title='bbox 468 3011 644 3098; x_wconf 84' lang='lat' dir='ltr'>Potipheti)</span> <span class='ocrx_word' id='word_1_259' title='bbox 660 3013 732 3099; x_wconf 66' lang='grc' dir='ltr'>πρὸς</span> <span class='ocrx_word' id='word_1_260' title='bbox 745 3012 811 3090; x_wconf 92' lang='grc' dir='ltr'><strong><em>βίαν</em></strong></span> <span class='ocrx_word' id='word_1_261' title='bbox 825 3009 974 3098; x_wconf 68' lang='grc' dir='ltr'><strong><em>κατοχίσῃ</em></strong></span> <span class='ocrx_word' id='word_1_262' title='bbox 988 3012 1035 3075; x_wconf 82' lang='grc' dir='ltr'>τὸν</span> <span class='ocrx_word' id='word_1_263' title='bbox 1046 3008 1167 3097; x_wconf 73' lang='grc' dir='ltr'><strong><em>χντῶνα.</em></strong></span> 
     </span>
    </p>

    <p class='ocr_par' dir='ltr' id='par_1_6' title="bbox 146 3095 1186 3538">
     <span class='ocr_line' id='line_1_32' title="bbox 194 3095 1186 3186; baseline 0.004 -27"><span class='ocrx_word' id='word_1_264' title='bbox 194 3095 278 3162; x_wconf 84' lang='lat' dir='ltr'>ibid.</span> <span class='ocrx_word' id='word_1_265' title='bbox 291 3097 315 3161; x_wconf 85' lang='lat' dir='ltr'>l.</span> <span class='ocrx_word' id='word_1_266' title='bbox 329 3112 376 3160; x_wconf 76' lang='grc' dir='ltr'>ιο.</span> <span class='ocrx_word' id='word_1_267' title='bbox 398 3100 502 3184; x_wconf 63' lang='grc' dir='ltr'><strong><em>βρῶμα</em></strong></span> <span class='ocrx_word' id='word_1_268' title='bbox 521 3124 550 3161; x_wconf 80' lang='grc' dir='ltr'>τι</span> <span class='ocrx_word' id='word_1_269' title='bbox 571 3099 644 3186; x_wconf 67' lang='grc' dir='ltr'>πρὸς</span> <span class='ocrx_word' id='word_1_270' title='bbox 665 3096 802 3181; x_wconf 72' lang='grc' dir='ltr'>ἀνάγκην]</span> <span class='ocrx_word' id='word_1_271' title='bbox 823 3097 1001 3181; x_wconf 80' lang='lat' dir='ltr'>Gregorius</span> <span class='ocrx_word' id='word_1_272' title='bbox 1021 3096 1186 3163; x_wconf 84' lang='lat' dir='ltr'>Thauma-</span> 
     </span>
     <span class='ocr_line' id='line_1_33' title="bbox 148 3181 1184 3270; baseline 0.005 -26"><span class='ocrx_word' id='word_1_273' title='bbox 148 3192 265 3267; x_wconf 84' lang='lat' dir='ltr'>turgus</span> <span class='ocrx_word' id='word_1_274' title='bbox 285 3183 457 3270; x_wconf 84' lang='lat' dir='ltr'>episeopus</span> <span class='ocrx_word' id='word_1_275' title='bbox 475 3182 745 3248; x_wconf 87' lang='lat' dir='ltr'>Neocaesariensis</span> <span class='ocrx_word' id='word_1_276' title='bbox 762 3183 795 3246; x_wconf 91' lang='lat' dir='ltr'>in</span> <span class='ocrx_word' id='word_1_277' title='bbox 814 3183 908 3268; x_wconf 86' lang='lat' dir='ltr'>epist.</span> <span class='ocrx_word' id='word_1_278' title='bbox 927 3181 1092 3261; x_wconf 86' lang='lat' dir='ltr'>canonica,</span> <span class='ocrx_word' id='word_1_279' title='bbox 1110 3206 1184 3270; x_wconf 75' lang='lat' dir='ltr'>quoe</span> 
     </span>
     <span class='ocr_line' id='line_1_34' title="bbox 148 3265 1185 3354; baseline -0.001 -24"><span class='ocrx_word' id='word_1_280' title='bbox 148 3268 237 3352; x_wconf 81' lang='lat' dir='ltr'>apud</span> <span class='ocrx_word' id='word_1_281' title='bbox 252 3267 409 3332; x_wconf 84' lang='lat' dir='ltr'>Zonaram</span> <span class='ocrx_word' id='word_1_282' title='bbox 426 3282 460 3334; x_wconf 91' lang='lat' dir='ltr'>et</span> <span class='ocrx_word' id='word_1_283' title='bbox 473 3268 697 3333; x_wconf 85' lang='lat' dir='ltr'>Balsamonem</span> <span class='ocrx_word' id='word_1_284' title='bbox 716 3281 823 3333; x_wconf 84' lang='lat' dir='ltr'>extat:</span> <span class='ocrx_word' id='word_1_285' title='bbox 847 3272 877 3331; x_wconf 75' lang='grc' dir='ltr'>οὐ</span> <span class='ocrx_word' id='word_1_286' title='bbox 895 3269 934 3330; x_wconf 83' lang='grc' dir='ltr'>τοὶ</span> <span class='ocrx_word' id='word_1_287' title='bbox 952 3265 1093 3354; x_wconf 67' lang='grc' dir='ltr'><strong><em>βρώματα</em></strong></span> <span class='ocrx_word' id='word_1_288' title='bbox 1111 3274 1185 3351; x_wconf 67' lang='grc' dir='ltr'>ἡμᾶς</span> 
     </span>
     <span class='ocr_line' id='line_1_35' title="bbox 146 3352 1186 3439; baseline 0.006 -25"><span class='ocrx_word' id='word_1_289' title='bbox 146 3353 242 3439; x_wconf 57' lang='lat' dir='ltr'>bapti,</span> <span class='ocrx_word' id='word_1_290' title='bbox 258 3356 281 3416; x_wconf 81' lang='grc' dir='ltr'>οί</span> <span class='ocrx_word' id='word_1_291' title='bbox 296 3353 398 3438; x_wconf 80' lang='grc' dir='ltr'><strong><em>ίφαγον</em></strong></span> <span class='ocrx_word' id='word_1_292' title='bbox 418 3358 447 3418; x_wconf 82' lang='lat' dir='ltr'>ai</span> <span class='ocrx_word' id='word_1_293' title='bbox 503 3355 513 3378; x_wconf 86' lang='lat'><em>&#39;</em></span> <span class='ocrx_word' id='word_1_294' title='bbox 576 3380 599 3417; x_wconf 85' lang='grc' dir='ltr'>ον</span> <span class='ocrx_word' id='word_1_295' title='bbox 621 3361 724 3432; x_wconf 75' lang='grc' dir='ltr'><strong><em>ταῦτα,</em></strong></span> <span class='ocrx_word' id='word_1_296' title='bbox 746 3353 814 3438; x_wconf 73' lang='grc' dir='ltr'>ὅπερ</span> <span class='ocrx_word' id='word_1_297' title='bbox 835 3352 1029 3439; x_wconf 70' lang='grc' dir='ltr'><strong><em>σαροτίθοσαν</em></strong></span> <span class='ocrx_word' id='word_1_298' title='bbox 1048 3356 1140 3430; x_wconf 72' lang='grc' dir='ltr'><strong><em>αὐτοῖς</em></strong></span> <span class='ocrx_word' id='word_1_299' title='bbox 1160 3360 1186 3420; x_wconf 79' lang='lat' dir='ltr'>oi</span> 
     </span>
     <span class='ocr_line' id='line_1_36' title="bbox 148 3369 1183 3538; baseline 0.007 -38"><span class='ocrx_word' id='word_1_300' title='bbox 148 3463 167 3500; x_wconf 76' lang='lat' dir='ltr'>a</span> <span class='ocrx_word' id='word_1_301' title='bbox 184 3445 309 3512; x_wconf 75' lang='grc' dir='ltr'><strong><em>ατοῢντος</em></strong></span> <span class='ocrx_word' id='word_1_302' title='bbox 321 3443 422 3503; x_wconf 75' lang='grc' dir='ltr'>αὐτῶν.</span> <span class='ocrx_word' id='word_1_303' title='bbox 445 3369 603 3504; x_wconf 55' lang='lat' dir='ltr'>mhi</span> <span class='ocrx_word' id='word_1_304' title='bbox 617 3461 672 3504; x_wconf 84' lang='lat' dir='ltr'>nos</span> <span class='ocrx_word' id='word_1_305' title='bbox 684 3451 832 3527; x_wconf 81' lang='lat' dir='ltr'>gravant,</span> <span class='ocrx_word' id='word_1_306' title='bbox 848 3439 876 3505; x_wconf 81' lang='grc' dir='ltr'>ον’</span> <span class='ocrx_word' id='word_1_307' title='bbox 890 3437 1007 3538; x_wconf 83' lang='lat' dir='ltr'>captivi</span> <span class='ocrx_word' id='word_1_308' title='bbox 1026 3460 1063 3503; x_wconf 83' lang='lat' dir='ltr'>ea</span> <span class='ocrx_word' id='word_1_309' title='bbox 1083 3461 1183 3507; x_wconf 81' lang='grc' dir='ltr'><strong><em>οοναο-</em></strong></span> 
     </span>
    </p>

    <p class='ocr_par' dir='ltr' id='par_1_7' title="bbox 147 3522 1185 3798">
     <span class='ocr_line' id='line_1_37' title="bbox 208 3522 1185 3625; baseline 0.008 -39"><span class='ocrx_word' id='word_1_310' title='bbox 208 3522 263 3601; x_wconf 74' lang='lat' dir='ltr'>nt,</span> <span class='ocrx_word' id='word_1_311' title='bbox 278 3545 350 3610; x_wconf 82' lang='lat' dir='ltr'>quoe</span> <span class='ocrx_word' id='word_1_312' title='bbox 364 3525 419 3625; x_wconf 80' lang='lat' dir='ltr'>qui</span> <span class='ocrx_word' id='word_1_313' title='bbox 433 3524 467 3589; x_wconf 81' lang='lat' dir='ltr'>in</span> <span class='ocrx_word' id='word_1_314' title='bbox 485 3547 535 3590; x_wconf 84' lang='lat' dir='ltr'>eos</span> <span class='ocrx_word' id='word_1_315' title='bbox 555 3523 725 3589; x_wconf 80' lang='lat' dir='ltr'>dominium</span> <span class='ocrx_word' id='word_1_316' title='bbox 743 3523 892 3603; x_wconf 77' lang='lat' dir='ltr'>obtinent,</span> <span class='ocrx_word' id='word_1_317' title='bbox 906 3545 950 3590; x_wconf 80' lang='lat' dir='ltr'>ets</span> <span class='ocrx_word' id='word_1_318' title='bbox 964 3536 1185 3610; x_wconf 58' lang='lat' dir='ltr'>appamiae.</span> 
     </span>
     <span class='ocr_line' id='line_1_38' title="bbox 147 3607 1185 3697; baseline 0.006 -25"><span class='ocrx_word' id='word_1_319' title='bbox 147 3607 170 3672; x_wconf 85' lang='lat' dir='ltr'>J</span> <span class='ocrx_word' id='word_1_320' title='bbox 176 3628 309 3674; x_wconf 73' lang='lat' dir='ltr'>usnst..</span> <span class='ocrx_word' id='word_1_321' title='bbox 337 3609 413 3675; x_wconf 84' lang='lat' dir='ltr'>Vrd.</span> <span class='ocrx_word' id='word_1_322' title='bbox 429 3632 525 3697; x_wconf 87' lang='lat' dir='ltr'>supra</span> <span class='ocrx_word' id='word_1_323' title='bbox 539 3610 600 3674; x_wconf 90' lang='lat' dir='ltr'>vol.</span> <span class='ocrx_word' id='word_1_324' title='bbox 612 3611 645 3674; x_wconf 84' lang='lat' dir='ltr'>ii.¹</span> <span class='ocrx_word' id='word_1_325' title='bbox 681 3623 816 3696; x_wconf 59' lang='lat' dir='ltr'>agam.</span> <span class='ocrx_word' id='word_1_326' title='bbox 860 3612 944 3675; x_wconf 86' lang='lat' dir='ltr'>Mox</span> <span class='ocrx_word' id='word_1_327' title='bbox 985 3632 1022 3674; x_wconf 90' lang='lat' dir='ltr'>ro</span> <span class='ocrx_word' id='word_1_328' title='bbox 1043 3611 1097 3676; x_wconf 62' lang='lat' dir='ltr'>ont</span> <span class='ocrx_word' id='word_1_329' title='bbox 1113 3637 1185 3689; x_wconf 78' lang='grc' dir='ltr'><strong><em>τινος</em></strong></span> 
     </span>
     <span class='ocr_line' id='line_1_39' title="bbox 148 3631 1185 3798; baseline 0.006 -40"><span class='ocrx_word' id='word_1_330' title='bbox 148 3693 272 3759; x_wconf 74' lang='lat' dir='ltr'>habent</span> <span class='ocrx_word' id='word_1_331' title='bbox 286 3694 324 3758; x_wconf 76' lang='lat' dir='ltr'>ab</span> <span class='ocrx_word' id='word_1_332' title='bbox 338 3694 495 3782; x_wconf 81' lang='lat' dir='ltr'>aliquibus</span> <span class='ocrx_word' id='word_1_333' title='bbox 508 3696 631 3760; x_wconf 79' lang='lat' dir='ltr'>Latinae</span> <span class='ocrx_word' id='word_1_334' title='bbox 678 3695 807 3784; x_wconf 90' lang='lat' dir='ltr'>ionysii,</span> <span class='ocrx_word' id='word_1_335' title='bbox 823 3695 949 3775; x_wconf 86' lang='lat' dir='ltr'>Isidori,</span> <span class='ocrx_word' id='word_1_336' title='bbox 961 3631 1185 3798; x_wconf 55' lang='lat' dir='ltr'>‹insconiique</span> 
     </span>
    </p>
   </div>
   <div class='ocr_carea' id='block_1_4' title="bbox 140 3779 1187 4360">
    <p class='ocr_par' dir='ltr' id='par_1_8' title="bbox 140 3779 1187 4360">
     <span class='ocr_line' id='line_1_40' title="bbox 140 3779 1185 3930; baseline 0.008 -88"><span class='ocrx_word' id='word_1_337' title='bbox 140 3779 433 3864; x_wconf 75' lang='lat' dir='ltr'>Interpretutimes,</span> <span class='ocrx_word' id='word_1_338' title='bbox 450 3780 633 3868; x_wconf 59' lang='lat' dir='ltr'>Pronaque,</span> <span class='ocrx_word' id='word_1_339' title='bbox 651 3803 747 3930; x_wconf 70' lang='lat' dir='ltr'>puam</span> <span class='ocrx_word' id='word_1_340' title='bbox 766 3780 867 3847; x_wconf 88' lang='lat' dir='ltr'>edidit</span> <span class='ocrx_word' id='word_1_341' title='bbox 885 3803 924 3846; x_wconf 88' lang='lat' dir='ltr'>ex</span> <span class='ocrx_word' id='word_1_342' title='bbox 946 3783 1046 3847; x_wconf 91' lang='lat' dir='ltr'>MSto</span> <span class='ocrx_word' id='word_1_343' title='bbox 1064 3784 1185 3850; x_wconf 77' lang='lat' dir='ltr'>biblio·</span> 
     </span>
     <span class='ocr_line' id='line_1_41' title="bbox 147 3863 1182 3956; baseline 0.008 -28"><span class='ocrx_word' id='word_1_344' title='bbox 147 3863 254 3929; x_wconf 84' lang='lat' dir='ltr'>thecae</span> <span class='ocrx_word' id='word_1_345' title='bbox 311 3866 368 3931; x_wconf 87' lang='lat' dir='ltr'>tris</span> <span class='ocrx_word' id='word_1_346' title='bbox 381 3867 432 3930; x_wconf 88' lang='lat' dir='ltr'>sui</span> <span class='ocrx_word' id='word_1_347' title='bbox 449 3866 782 3946; x_wconf 78' lang='lat' dir='ltr'>Hen.Juste1us,1nt</span> <span class='ocrx_word' id='word_1_348' title='bbox 853 3866 1044 3933; x_wconf 72' lang='lat' dir='ltr'>emin-vid.</span> <span class='ocrx_word' id='word_1_349' title='bbox 1064 3890 1097 3956; x_wconf 91' lang='lat' dir='ltr'>p.</span> <span class='ocrx_word' id='word_1_350' title='bbox 1110 3883 1182 3946; x_wconf 77' lang='lat'>278.</span> 
     </span>
     <span class='ocr_line' id='line_1_42' title="bbox 148 3948 1185 4041; baseline 0.007 -26"><span class='ocrx_word' id='word_1_351' title='bbox 148 3948 269 4016; x_wconf 73' lang='lat' dir='ltr'>Bittiot</span> <span class='ocrx_word' id='word_1_352' title='bbox 293 3952 403 4016; x_wconf 79' lang='lat' dir='ltr'>..Iuris</span> <span class='ocrx_word' id='word_1_353' title='bbox 418 3951 563 4016; x_wconf 78' lang='grc' dir='ltr'><strong><em>Οοοονιὶοἰ</em></strong></span> <span class='ocrx_word' id='word_1_354' title='bbox 581 3951 646 4016; x_wconf 81' lang='lat' dir='ltr'>Ver.</span> <span class='ocrx_word' id='word_1_355' title='bbox 681 3956 728 4017; x_wconf 88' lang='lat' dir='ltr'>At</span> <span class='ocrx_word' id='word_1_356' title='bbox 751 3973 793 4017; x_wconf 84' lang='lat' dir='ltr'>ue</span> <span class='ocrx_word' id='word_1_357' title='bbox 836 3952 888 4018; x_wconf 89' lang='lat' dir='ltr'>uic</span> <span class='ocrx_word' id='word_1_358' title='bbox 903 3952 1033 4041; x_wconf 86' lang='lat' dir='ltr'>quidem</span> <span class='ocrx_word' id='word_1_359' title='bbox 1052 3955 1185 4024; x_wconf 76' lang='lat' dir='ltr'>lectioni</span> 
     </span>
     <span class='ocr_line' id='line_1_43' title="bbox 147 4035 832 4103; baseline 0.004 -3"><span class='ocrx_word' id='word_1_360' title='bbox 147 4035 258 4100; x_wconf 81' lang='lat' dir='ltr'>favent</span> <span class='ocrx_word' id='word_1_361' title='bbox 272 4037 415 4103; x_wconf 83' lang='lat' dir='ltr'>Zonaras</span> <span class='ocrx_word' id='word_1_362' title='bbox 427 4049 461 4102; x_wconf 88' lang='lat' dir='ltr'>et</span> <span class='ocrx_word' id='word_1_363' title='bbox 476 4036 627 4103; x_wconf 87' lang='lat' dir='ltr'>Balsamo</span> <span class='ocrx_word' id='word_1_364' title='bbox 640 4037 673 4102; x_wconf 92' lang='lat' dir='ltr'>in</span> <span class='ocrx_word' id='word_1_365' title='bbox 689 4037 728 4102; x_wconf 88' lang='lat' dir='ltr'>Sc</span> <span class='ocrx_word' id='word_1_366' title='bbox 768 4036 832 4103; x_wconf 80' lang='lat' dir='ltr'>lits.</span> 
     </span>
     <span class='ocr_line' id='line_1_44' title="bbox 194 4120 1185 4210; baseline 0.009 -26"><span class='ocrx_word' id='word_1_367' title='bbox 194 4120 229 4185; x_wconf 92' lang='lat' dir='ltr'>P.</span> <span class='ocrx_word' id='word_1_368' title='bbox 239 4133 310 4198; x_wconf 76' lang='lat'>407.</span> <span class='ocrx_word' id='word_1_369' title='bbox 325 4122 347 4187; x_wconf 89' lang='lat' dir='ltr'>l.</span> <span class='ocrx_word' id='word_1_370' title='bbox 359 4137 389 4189; x_wconf 85' lang='grc'>3.</span> <span class='ocrx_word' id='word_1_371' title='bbox 414 4123 430 4201; x_wconf 81' lang='lat' dir='ltr'>i</span> <span class='ocrx_word' id='word_1_372' title='bbox 445 4121 494 4185; x_wconf 82' lang='grc' dir='ltr'>καί</span> <span class='ocrx_word' id='word_1_373' title='bbox 506 4124 597 4207; x_wconf 75' lang='grc' dir='ltr'><strong><em>τινων]</em></strong></span> <span class='ocrx_word' id='word_1_374' title='bbox 613 4123 780 4210; x_wconf 79' lang='lat' dir='ltr'>Beveregii</span> <span class='ocrx_word' id='word_1_375' title='bbox 792 4123 947 4189; x_wconf 88' lang='lat' dir='ltr'>lectiones</span> <span class='ocrx_word' id='word_1_376' title='bbox 961 4145 1041 4210; x_wconf 84' lang='lat' dir='ltr'>quas</span> <span class='ocrx_word' id='word_1_377' title='bbox 1056 4138 1185 4193; x_wconf 80' lang='lat' dir='ltr'>secutus</span> 
     </span>
     <span class='ocr_line' id='line_1_45' title="bbox 148 4205 1187 4298; baseline 0.008 -27"><span class='ocrx_word' id='word_1_378' title='bbox 148 4226 236 4287; x_wconf 74' lang='lat' dir='ltr'>sum,</span> <span class='ocrx_word' id='word_1_379' title='bbox 250 4205 266 4284; x_wconf 73' lang='lat' dir='ltr'>i</span> <span class='ocrx_word' id='word_1_380' title='bbox 281 4227 340 4294; x_wconf 88' lang='lat' dir='ltr'>pro</span> <span class='ocrx_word' id='word_1_381' title='bbox 360 4214 383 4273; x_wconf 82' lang='lat' dir='ltr'>si</span> <span class='ocrx_word' id='word_1_382' title='bbox 404 4219 437 4274; x_wconf 76' lang='lat' dir='ltr'>et</span> <span class='ocrx_word' id='word_1_383' title='bbox 457 4208 630 4296; x_wconf 66' lang='grc' dir='ltr'><strong><em>σροάγοθαν</em></strong></span> <span class='ocrx_word' id='word_1_384' title='bbox 649 4230 708 4295; x_wconf 86' lang='lat' dir='ltr'>pro</span> <span class='ocrx_word' id='word_1_385' title='bbox 728 4209 921 4298; x_wconf 69' lang='grc' dir='ltr'><strong><em>σροοοίγοθαν</em></strong></span> <span class='ocrx_word' id='word_1_386' title='bbox 934 4209 976 4276; x_wconf 76' lang='lat' dir='ltr'>ad</span> <span class='ocrx_word' id='word_1_387' title='bbox 989 4209 1046 4277; x_wconf 86' lang='lat' dir='ltr'>lin.</span> <span class='ocrx_word' id='word_1_388' title='bbox 1058 4216 1089 4276; x_wconf 84' lang='lat'>6.</span> <span class='ocrx_word' id='word_1_389' title='bbox 1106 4234 1187 4280; x_wconf 82' lang='lat' dir='ltr'>con·</span> 
     </span>
     <span class='ocr_line' id='line_1_46' title="bbox 626 4305 711 4360; baseline 0.024 -2"><span class='ocrx_word' id='word_1_390' title='bbox 626 4315 648 4359; x_wconf 88' lang='lat' dir='ltr'>s</span> <span class='ocrx_word' id='word_1_391' title='bbox 660 4305 711 4360; x_wconf 83' lang='lat' dir='ltr'>e4</span> 
     </span>
    </p>
   </div>
   <div class='ocr_carea' id='block_1_5' title="bbox 0 0 1353 4756">
    <p class='ocr_par' dir='ltr' id='par_1_9' title="bbox 0 0 1353 4756">
     <span class='ocr_line' id='line_1_47' title="bbox 0 0 1353 4756; baseline 0 0"><span class='ocrx_word' id='word_1_392' title='bbox 0 0 1353 4756; x_wconf 95' lang='lat' dir='ltr'> </span> 
     </span>
    </p>
   </div>
  </div>
 </body>
</html>
