2678 4756
240 288 304 358 250
375 372 388 379 ,‚
582 265 945 339 ANNOTATIONES

284 440 319 505 P.
332 452 401 517 237.
417 439 440 504 l.
451 454 501 505 25.
524 438 576 505 die
587 443 716 526 octavo]
730 432 934 506 Anuotatum
946 449 997 504 est
1006 437 1048 504 ad
1060 438 1194 506 Caviani
1206 464 1286 529 apo·

282 528 356 614 aphi
370 549 473 614 marg.
489 534 513 597 .“
525 527 656 592 Titulus
674 529 724 592 Ps.
737 534 767 592 6.
783 541 833 592 est
847 527 896 590 ὀπὶ
928 529 1004 602 riri
1027 525 1118 602 δόης.”
1146 528 1239 594 Beda
1251 530 1285 595 in

240 549 447 679 lleaaemero.
471 612 602 678 Dictum
617 614 699 679 enim
715 626 761 678 est
776 612 809 677 in
826 554 915 677 timi
933 552 1055 677 Parius
1074 613 1108 678 in
1118 613 1238 712 finam,
1253 616 1286 685 in

242 699 377 786 hymnis,
403 717 460 785 pro
486 710 593 764 octava
619 700 762 787 psalmas
788 699 906 778 David,
929 699 1010 785 qaod
1033 698 1071 762 de
1096 699 1146 764 dte
1165 701 1286 786 judicii

241 787 392 870 scriptam
414 797 495 850 totns
515 788 668 872 sequanis
688 785 804 871 psai-mi
824 797 928 850 tentas
947 785 1045 864 docet,
1064 785 1098 850 ia
1119 809 1181 874 qno
1204 787 1284 852 iram

240 871 483 957 nentarijadicii
493 872 603 937 timens
612 873 764 958 propiata
773 870 940 949 exclamat,
950 872 1094 937 Domine
1104 895 1144 937 ne
1153 873 1188 939 in
1195 873 1285 960 judi-

240 959 293 1024 cio
304 973 363 1024 tuo
375 981 502 1047 arguas,
515 981 620 1046 neque
634 959 667 1022 in
684 960 792 1024 furore
804 971 861 1024 tuo
873 958 1024 1044 corripias
1039 980 1104 1037 me,
1114 959 1177 1023 &c
1189 981 1222 1045 p.
1234 975 1283 1026 21.

238 1046 303 1111 vol.
315 1046 355 1109 iv.
373 1047 435 1131 Op.
451 1045 549 1109 Bedae
566 1045 699 1109 Basileae
714 1045 888 1111 editorum.
933 1046 975 1109 Et
989 1043 1045 1109 diu
1056 1057 1131 1113 aute
1145 1046 1283 1112 Basilius

240 1131 293 1197 M.
305 1133 338 1195 in
349 1131 405 1196 lib.
420 1132 470 1196 De
482 1131 604 1281 Spiritu
617 1131 742 1210 Sancto,
756 1153 827 1216 cap.
839 1145 890 1207 27.
905 1129 945 1194 de
958 1129 1010 1196 die
1023 1129 1202 1210 dominico,
1215 1155 1282 1211 seu,

239 1223 274 1305 τῇ
295 1217 348 1304 pia
366 1225 414 1281 τοῦ
434 1215 493 1281 aa&
511 1219 590 1296 όταν,
605 1217 651 1282 ita
665 1218 845 1304 scripserat,
860 1218 907 1280 καὶ
927 1216 981 1298 μία
997 1216 1084 1280 τοίνυν
1101 1224 1117 1294 ἡ
1137 1223 1222 1296 αὐτὴ,
1237 1221 1282 1283 καὶ

240 1305 333 1389 ὀγδόη,
348 1308 395 1382 τὴν
410 1305 478 1386 μίαν
497 1303 577 1378 ὄντας
597 1303 697 1382 ἐκείνην
713 1306 760 1368 καὶ
776 1303 908 1382 ὀληδόνην
923 1303 1030 1386 ὀγδόην,
1045 1302 1110 1390 itii,
1127 1309 1140 1367 ὃ
1155 1306 1280 1391 ψαλμφ

240 1392 284 1466 δδς
298 1390 324 1454 ἔν
339 1417 411 1453 tran
431 1394 597 1475 ἐπιγραφαῖς
616 1397 669 1453 τῶν
686 1392 810 1472 ψαλμῶν
831 1390 987 1472 ineptiam),
1003 1391 1035 1452 δι’
1050 1395 1149 1466 ἑαυτῆς
1168 1391 1280 1473 ἐμφανί-

240 1479 338 1559 ζουσα,
353 1480 400 1554 την
413 1481 488 1559 μετὰ
502 1479 548 1540 τδν
560 1476 660 1564 χρόνον
675 1483 770 1541 τοῦτον
785 1476 955 1555 κατόνςατνν,
973 1478 1020 1554 τὴν
1042 1473 1168 1549 ὀτανςον
1182 1476 1281 1561 ἡμέραν

238 1567 288 1642 την
302 1564 458 1650 ὀινέσπερον,
472 1565 519 1639 τὴν
534 1565 692 1648 ὀιδνάδοχον,
706 1566 752 1626 τδν
766 1561 887 1639 ἄληκτον
901 1560 999 1625 ἐκείνην
1011 1563 1058 1626 καὶ
1072 1563 1173 1648 ἀγήρω
1187 1568 1279 1628 αἰῶνα.

239 1669 273 1735 p.
286 1656 337 1714 56.
360 1649 412 1712 ed.
426 1649 626 1713 Benedictio.
672 1648 790 1713 Itidem
813 1648 912 1712 habet
933 1647 1093 1715 Asterius·
1107 1648 1279 1713 Humilia

239 1738 295 1802 Ps.
311 1735 352 1800 vi.
368 1735 456 1820 apud
472 1734 625 1801 Cotelerii
645 1734 766 1799 Eccles.
793 1735 898 1799 (ἔνατα.
921 1733 1130 1799 Monamenta
1149 1746 1233 1800 tom.
1246 1736 1277 1800 ii.

238 1823 286 1886 τδν
301 1824 365 1909 ὑπὲρ
380 1827 426 1898 της
443 1821 537 1906 ὀγδόης
551 1823 599 1884 καὶ
613 1827 659 1897 τῆς
675 1829 728 1886 τῶν
742 1830 840 1908 νεκρῶν
860 1819 1022 1894 &variatas
1041 1819 1168 1894 ψάλλων
1186 1847 1277 1909 maps-

240 1908 333 1974 κόλα.
357 1914 454 1994 p.‚56.
502 1907 566 1971 Sed
590 1907 682 1972 aliter
705 1906 848 1994 plerique
873 1906 1072 1993 interpretati
1100 1920 1180 1974 sunt
1204 1908 1278 1973 titu-

238 1995 308 2062 lum
325 1994 437 2059 istum.
476 1993 600 2059 Confer
613 1994 734 2057 interea
751 1992 867 2058 Concil.
884 1991 1037 2080 Cartiag.
1054 2012 1108 2057 ιν.
1126 2015 1226 2080 supra
1241 1993 1278 2059 ad

238 2103 316 2170 pag.
326 2088 377 2157 76.
395 2080 435 2145 de
449 2080 521 2166 ipso
537 2093 650 2144 octavo
664 2078 729 2158 die,
744 2080 808 2144 sive
822 2079 932 2145 futuro
947 2079 1088 2159 saeculo;
1104 2079 1197 2180 quod
1211 2081 1277 2168 qui·

236 2168 312 2233 dem
327 2167 449 2254 dogma
464 2167 505 2230 de
519 2180 631 2231 octavo
651 2165 771 2231 saeculo
786 2166 827 2231 ab
842 2166 919 2252 ipsis
933 2187 1037 2252 usque
1052 2165 1154 2233 iniois
1168 2165 1277 2232 Chris·

237 2253 379 2320 tianismi
394 2253 480 2340 apud
495 2265 615 2317 veteres
631 2251 816 2316 invaluerat.
1167 2264 1170 2269 ’

283 2340 367 2404 Ibid.
390 2339 412 2404 l.
428 2354 478 2404 28.
499 2338 555 2425 qui
575 2352 664 2402 extra
686 2337 830 2410 ordinem
851 2338 1038 2423 septimanae
1060 2337 1276 2424 dispositionis

239 2425 315 2511 aa]
337 2426 488 2491 Clemens
502 2425 597 2489 Alex.
616 2425 731 2489 δίτονα.
746 2424 797 2489 vii.
818 2446 851 2511 p.
869 2430 938 2489 866.
959 2423 1173 2491 ed..Potteri:
1195 2429 1277 2489 Μαα

236 2515 267 2598 γ’
284 2509 315 2576 tir
329 2516 377 2589 τὴν
391 2516 417 2574 ἐν
432 2513 516 2598 σαρκὶ
531 2510 693 2574 τελευταίαν
707 2514 842 2597 ὑπεροχὴν
855 2509 896 2580 ἀεὶ
908 2514 984 2574 κατὰ
994 2511 1026 2573 ri
1038 2515 1186 2598 nausiator
1196 2509 1276 2574 iniri

237 2602 351 2684 upsirlor
366 2596 554 2680 μεταόόιλλων
575 2602 610 2670 εἰς
629 2601 677 2675 τὴν
696 2597 836 2683 πατρῴαν
854 2600 951 2675 αὐλὴν,
966 2597 1009 2659 ἐπὶ
1024 2600 1073 2674 τὴν
1088 2623 1123 2660 κν
1141 2601 1222 2674 νακὴν
1235 2595 1274 2659 ὀν-

236 2712 290 2760 rtur
312 2688 357 2747 διαὶ
377 2689 424 2760 τῆς
444 2683 529 2768 ἁγίας
543 2682 687 2765 ἑόδομόιδος
702 2683 839 2770 incipitur
852 2683 943 2765 μόνην.
989 2684 1032 2746 Et
1047 2623 1142 2768 apud·
1151 2682 1274 2747 Tertul-

235 2771 357 2838 lianum
372 2771 422 2834 De
433 2770 552 2833 Anima
567 2791 636 2854 cap.
647 2782 697 2844 37.
708 2769 1015 2856 Theodoretumque
1026 2769 1147 2853 interp.
1159 2767 1274 2833 Psalm.

236 2880 269 2944 p.
290 2865 359 2922 640.
382 2856 432 2920 ed.
456 2855 605 2920 Schulze.
631 2855 790 2940 significat
811 2856 924 2942 ogdoas
949 2854 1107 2918 coelorum
1129 2875 1274 2942 reguum,

236 2945 325 3032 quod
336 2943 462 3030 judicio
477 2963 628 3028 supremo
643 2963 865 3006 successurum
883 2952 942 3004 est.

282 3031 367 3095 Ibid.
383 3030 404 3093 l.
418 3045 467 3107 29.
490 3030 586 3093 Jesus
607 3049 737 3114 quoque
756 3029 851 3092 Naue
876 3028 948 3111 δια]
967 3028 1051 3114 Quae
1072 3024 1128 3090 hic
1150 3025 1275 3091 affertur

235 3118 397 3204 prohetia,
413 3131 592 3201 caeteraque
612 3113 760 3200 exempla
779 3128 812 3178 at
835 3136 875 3177 ue
894 3123 1085 3198 argumenta
1104 3111 1274 3177 adductaa

234 3203 404 3270 Victorino
420 3225 478 3288 pro
494 3202 604 3266 futura
619 3201 745 3265 sabbati
760 3137 948 3275 abolitione,
965 3209 1090 3262 exstant
1103 3219 1144 3261 ea
1157 3197 1273 3275 omnia,

235 3293 263 3356 si
286 3293 368 3356 bene
390 3288 532 3367 memini,
551 3300 621 3350 tum
641 3286 728 3371 apud
746 3286 910 3351 lustinum
932 3286 984 3348 M.
1004 3297 1075 3348 tum
1096 3283 1130 3347 in
1150 3282 1275 3348 Tertul-

235 3377 312 3443 liani
327 3373 502 3461 opusculis.
534 3375 599 3437 Hic
614 3385 723 3436 tamen
738 3372 769 3435 in
784 3372 840 3435 lib.
853 3371 894 3435 iv.
912 3392 982 3456 cap.
997 3384 1043 3433 12.
1059 3380 1169 3433 contra
1182 3370 1274 3433 Mar·

236 3464 350 3528 cionem
368 3461 571 3524 distinctione
589 3460 671 3523 iuter
691 3481 772 3543 opus
795 3457 972 3521 humanum
989 3455 1052 3518 sive
1069 3466 1160 3519 taam
1174 3455 1207 3519 in
1221 3454 1273 3520 de·

235 3549 343 3633 calogi
356 3559 519 3633 praecepto
534 3546 620 3609 facta
634 3557 729 3630 atque
746 3566 827 3629 opus
846 3543 1000 3620 divinum,
1016 3564 1054 3604 ne
1069 3552 1138 3605 tam
1153 3541 1274 3628 quidem

236 3634 271 3699 in
282 3652 369 3697 'arcte
383 3629 614 3695 circumlatione
627 3631 711 3715 apad
723 3630 935 3694 Jericlrnntem
953 3626 1115 3692 sabbatam
1136 3627 1274 3692 ἀθανασ-

237 3718 426 3806 tainfnisse,
442 3717 563 3782 statuit.

280 3808 315 3871 P.
326 3817 396 3869 238.
411 3805 433 3867 l.
447 3817 477 3872 2,.
501 3801 671 3885 Antiochi]
696 3800 783 3864 Cum
808 3800 987 3865 monuisset
1007 3797 1187 3886 legendum
1208 3819 1275 3866 esse

233 3891 322 3959 istud
360 3912 396 3955 ro
411 3889 534 3975 antiqui
550 3887 729 3974 apographi
745 3887 876 3951 Caviani
891 3908 1017 3971 margo,
1032 3884 1118 3949 idem
1137 3884 1259 3984 recepi,

278 3914 362 4043 lbii.
377 3977 400 4040 l.
411 3989 442 4040 4.
465 3975 573 4039 Esaias
588 3995 719 4061 quoque
729 3985 762 4036 et
774 3973 883 4039 caeteri
895 3971 1031 4058 collegae
1044 3971 1130 4056 ejus]
1148 3968 1275 4061 Ubrdi·

233 4080 352 4132 cuntur
365 4062 475 4128 Esaias
490 4073 524 4124 et
538 4059 645 4124 caeteri
658 4058 825 4144 prophetae
841 4059 1011 4122 sabbatum
1026 4057 1179 4122 solvisse?
1212 4055 1276 4121 Sed

233 4165 341 4218 tamen
376 4151 409 4213 ui
423 4149 557 4224 factum,
569 4159 606 4210 ut
621 4145 781 4230 irrepserit
792 4144 909 4208 Esaias
920 4165 979 4230 pro
993 4142 1114 4220 David,
1126 4141 1211 4207 ratio
1224 4164 1275 4206 me
1317 4163 1322 4175 ¹

233 4239 329 4324 fugit.
351 4173 454 4322 ipud
466 4234 499 4300 S.
511 4233 614 4298 Mart.
627 4245 698 4317 cap.
710 4230 764 4313 xii.
777 4252 898 4296 comm.
907 4244 938 4294 3.
950 4229 1066 4316 quaerit
1077 4251 1098 4293 a
1107 4227 1275 4295 pharisaeis

230 4325 339 4406 lesus,
354 4322 427 4390 Non
450 4317 582 4411 legistis,
604 4315 807 4411 patefecerit
826 4314 945 4397 David,
968 4313 1091 4404 quondo
1110 4313 1224 4385 stanit
1245 4323 1274 4379 et
