2678 4756
211 273 264 340 m
286 273 320 339 s.
339 269 584 340 victorum
607 267 952 338 antonomum.
1037 287 1103 357 251.

61 445 118 535 pul
132 468 202 510 cum
220 467 252 509 eo
270 449 390 511 aaut?
409 443 488 509 Vid.
503 455 536 509 et
552 442 612 510 SS.
626 444 734 509 Marc.
748 453 782 508 et
795 439 874 508 Luc.
909 441 1020 508 Habet
1042 464 1102 509 au·
1200 490 1204 508 .

60 549 129 605 tem
151 533 227 598 MS.
246 531 367 620 collegi,
386 531 473 596 unde
492 529 600 616 legere
623 530 692 595 vult
710 531 754 596 cl.
768 529 946 619 deerus
967 528 1104 616 collegii,

61 619 121 685 sed
134 618 358 706 apographum
371 617 550 682 Cavianum
563 617 624 682 hac
636 616 765 704 quidem
781 615 813 680 in
827 637 863 681 re
877 630 1006 681 secutus
1019 638 1103 680 sum.

23 777 38 786 „
107 707 142 770 P.
154 719 224 770 238.
239 705 260 768 1.
274 720 305 768 5.
328 705 378 768 Ut
391 704 512 787 verum]
528 704 603 767 MS.
616 717 649 768 et
660 725 775 766 uuum.
806 701 869 766 Sed
885 702 1105 789 conjecturam

62 791 206 856 1110111111
221 791 309 855 doct.
325 791 365 855 ad
381 789 471 853 Cavii
486 789 710 875 apographum
726 801 856 853 secutus
870 811 953 853 sum.

107 876 193 942 lbid.
208 876 230 940 l.
245 889 274 940 8.
297 876 437 962 singula]
457 875 598 963 Singulis
612 877 747 939 fortasse
761 874 946 960 legendum.
987 873 1106 939 Psalmi
1223 852 1236 872 .

61 962 145 1028 illud
158 962 274 1026 lxxxix.
286 962 486 1029 aVictorino
497 962 676 1027 adductum
690 961 856 1025 Chiliastae
869 961 980 1026 afferre
991 962 1107 1030 solent.

109 1048 196 1113 Ibid.
211 1048 236 1115 l.
250 1063 298 1112 11.
320 1047 424 1113 habeo
441 1048 555 1112 oculos
569 1048 718 1131 Domini]
736 1049 774 1110 ln
789 1047 934 1131 margine
948 1046 1056 1126 Cavei,
1070 1047 1110 1111 F.

64 1131 159 1199 balet
174 1132 274 1198 oculos
289 1134 457 1199 Dominus.
495 1134 560 1198 Sed
578 1148 664 1198 recte
685 1133 790 1210 liabeo,
811 1132 843 1197 id
862 1146 922 1212 est,
937 1145 1044 1212 teneo,
1059 1133 1109 1196 in·

63 1219 171 1284 venio.
193 1221 387 1284 Wstxuu.
425 1220 591 1284 Zachariae
612 1241 682 1306 cap.
701 1222 741 1282 iv.
766 1240 885 1282 comm.
910 1234 958 1283 10.
980 1220 1109 1304 Septem

65 1303 123 1370 isti
136 1303 217 1369 oculi
231 1316 303 1370 sunt
318 1305 460 1384 Domini,
473 1306 531 1393 'qui
546 1306 722 1369 discurrunt
743 1308 776 1368 in
791 1304 965 1368 uniuersam
981 1315 1110 1371 terrum.

113 1390 188 1456 Ibid
207 1391 230 1455 l.
252 1406 299 1455 12.
327 1405 362 1456 et
385 1406 509 1477 septem
534 1391 633 1456 millia
655 1391 741 1475 anni]
761 1390 863 1455 Milia
878 1392 953 1455 MS.
979 1394 1110 1478 Legen-

66 1477 149 1545 dum
165 1476 302 1556 videtur,
318 1488 375 1556 est,
390 1477 439 1542 vel
453 1478 524 1554 erit,
540 1478 670 1561 septimo
685 1476 856 1555 millarnio,
872 1477 920 1540 vel
937 1478 1057 1561 potius,
1073 1491 1111 1543 ut

66 1563 169 1650 paulo
190 1584 297 1649 supra,
319 1564 446 1648 septimo
468 1562 618 1627 milliario
643 1585 807 1627 annorum.
851 1563 917 1627 Sed
930 1563 1112 1630 Walkerus

67 1649 240 1714 delendam
265 1672 334 1714 esse
356 1663 469 1715 monet
493 1663 621 1715 tantum
646 1649 834 1735 particulam
860 1661 901 1714 et.
947 1649 1114 1718 Caeterum

66 1735 258 1802 Victorinus
277 1749 351 1822 post
373 1735 453 1800 alios
474 1735 646 1799 nonnullos
665 1751 771 1821 patres
789 1737 963 1821 septimum
985 1737 1114 1802 millen·

69 1822 162 1887 nium
186 1844 288 1907 regno
311 1821 434 1886 Christi
456 1843 615 1885 unacum
637 1821 755 1885 sanctis
776 1822 846 1908 ejus
869 1822 1004 1907 posthac
1022 1823 1114 1889 'cele-

68 1907 194 1973 brando
209 1908 366 1987 attribuit,
381 1908 433 1971 cui
448 1909 698 1972 subsecuturum
713 1907 866 1972 ultimum
876 1908 1037 1994 judicium
1053 1931 1114 1996 og·
1213 1933 1215 1938 ’

69 1994 236 2080 duasque3
252 2016 326 2143 prae
338 2007 446 2058 tamen
458 1996 528 2080 ipsa
538 1993 663 2079 ogdoas
675 1993 716 2056 ab
728 1993 797 2057 aliis
809 1993 851 2059 ad
863 2008 1010 2082 tempora
1023 1996 1116 2061 Mes·

71 2080 141 2159 siae,
158 2081 221 2143 sive
235 2101 255 2143 a
279 2095 407 2144 ventum
422 2082 563 2166 primum
580 2079 716 2157 Christi,
729 2079 828 2143 relata
841 2093 902 2144 est.

118 2165 204 2232 Ibid.
215 2165 239 2230 l.
253 2181 300 2230 15.
318 2167 437 2251 [sunt]]
450 2168 526 2231 Hoc
539 2179 649 2230 monet
662 2164 833 2229 delendum
847 2187 916 2230 esse
925 2166 1116 2232 Walkerus.

72 2250 130 2322 Ad
144 2265 269 2338 septem
284 2252 374 2338 quod
389 2253 505 2317 attinet
524 2252 637 2331 coelos,
653 2250 694 2316 de
715 2252 832 2336 quibus
847 2262 989 2338 nugatur
1001 2253 1118 2318 Victo-

72 2338 175 2416 rinus,
191 2361 302 2403 verum
318 2338 470 2425 estquod
491 2339 536 2402 ait
556 2339 715 2423 Origenes
729 2337 785 2401 lib.
798 2337 839 2402 vi.
858 2339 974 2405 Contra
994 2337 1118 2404 Celsum

74 2446 166 2489 num.
181 2439 232 2489 21.
253 2425 340 2488 ‘Enloi
359 2426 387 2487 δὲ
406 2422 517 2510 alpaide,
532 2423 547 2501 ἢ
562 2421 632 2498 ὅλως
648 2423 863 2509 ωεριωρισμένον
881 2427 999 2511 ἀριθμὸν
1014 2429 1118 2524 ariropir,

74 2512 105 2586 oi
119 2508 261 2597 pepinum
276 2513 303 2573 ἐν
315 2514 378 2585 ταῖς
394 2511 555 2588 ἐκκλησίαις
566 2515 605 2572 ‘mi
620 2513 683 2574 Θεὲ
698 2514 747 2573 οὐκ
760 2509 981 2596 ἀπαγγέλλουσι
995 2512 1119 2598 γραφαί.

74 2595 169 2675 Idem
184 2596 226 2662 ab
243 2595 386 2683 Origene
400 2597 523 2660 dictum
538 2595 580 2661 ad
595 2596 648 2659 fin.
665 2604 795 2683 quoque
810 2611 962 2661 111111123.

121 2682 206 2746 Ibid.
221 2682 245 2747 1.
260 2693 309 2758 17.
333 2681 381 2746 Hi
395 2695 520 2768 septem
535 2682 689 2768 spiritus]
706 2684 818 2753 Verba
832 2683 903 2747 haec
919 2706 938 2747 a
957 2684 1121 2770 sequenti·

72 2767 138 2833 bus
152 2767 380 2854 distinguenda
393 2769 501 2854 putavi
513 2792 522 2847 ;
539 2790 643 2854 neque
657 2768 742 2832 enim
757 2791 832 2833 cum
847 2769 920 2833 viris
934 2769 1050 2850 doctis,
1063 2770 1121 2858 qui

75 2853 120 2919 ad
135 2854 228 2919 Cavii
241 2854 421 2940 marginem
438 2853 591 2918 nonnulla
607 2867 812 2934 annotarunt,
826 2856 921 2920 verba
935 2878 1039 2921 eorum
1056 2855 1122 2942 spi·

76 2939 160 3005 ritas
175 2940 209 3004 in
221 2961 327 3004 eorum
341 2939 508 3026 spirituum
524 2953 695 3005 mutarem.

123 3025 209 3091 Ibid.
222 3025 247 3092 l.
260 3040 311 3090 22.
335 3026 463 3111 spiritus
479 3026 611 3110 timoris]
626 3027 701 3090 MS.
714 3026 828 3111 spiritu
842 3037 865 3091 t.
882 3026 938 3091 sed
953 3027 999 3093 ita
1012 3050 1122 3092 emen·

77 3111 223 3178 dandum
240 3112 285 3176 ait
297 3113 476 3178 Walkerus
491 3124 565 3197 post
578 3112 683 3176 Esaiae
697 3127 832 3176 textum.

124 3198 209 3263 Ibid.
225 3198 247 3262 l.
259 3211 310 3262 25.
333 3198 476 3263 tonitrua
495 3199 658 3282 mugiunt,
678 3199 812 3261 flumina
831 3197 1058 3282 extenduntur]
1083 3200 1123 3263 ln

78 3283 229 3371 margine
253 3283 356 3362 Cavii,
377 3285 413 3348 F.
433 3283 580 3346 fulmina.
617 3285 721 3368 Lego,
733 3283 881 3370 fulmina
903 3285 1125 3350 accarduntur.

78 3372 276 3436 WALKER.
300 3370 420 3433 Plinius
435 3369 513 3432 Not.
529 3369 617 3432 Hist.
635 3369 691 3432 lib.
705 3370 737 3433 ii.
754 3391 824 3454 cap.
838 3383 887 3433 38.
905 3371 990 3434 Hinc
1004 3369 1125 3451 nulila,

81 3455 224 3520 tonitrua
245 3466 276 3518 et
299 3454 365 3519 alio
376 3454 535 3542 fulmina.
580 3457 629 3518 Ex
644 3455 706 3518 hoc
721 3477 801 3540 ergo
819 3455 877 3520 &a
894 3456 927 3519 h.
943 3479 971 3520 e.
986 3479 1025 3520 ex
1039 3458 1127 3523 coelo

79 3541 210 3609 timoris
223 3541 301 3604 Dei.
984 3577 989 3585 ·

125 3627 211 3691 Ibid.
232 3626 254 3690 l.
275 3632 325 3690 26.
354 3625 447 3711 ignes
473 3625 684 3711 conglobant]
713 3628 850 3708 Dubito,
877 3642 986 3694 utrum
1013 3632 1126 3697 rescri-

80 3713 227 3785 bendum
241 3711 294 3791 sit,
310 3711 397 3798 ignes
412 3734 446 3776 se
461 3713 671 3796 conglobant,
685 3735 726 3777 an
742 3714 854 3779 auctor
867 3714 930 3780 hoc
946 3738 1041 3782 sensu
1055 3740 1125 3783 ver·

81 3800 164 3865 bum
186 3796 330 3885 conglolo
351 3797 514 3875 adhibeat,
528 3799 589 3862 etsi
606 3798 786 3883 elegantior
804 3802 909 3867 oratio
928 3817 1024 3882 esset,
1046 3804 1126 3868 siin

83 3906 215 3953 sensum
243 3883 469 3968 procurationis
495 3883 560 3947 sive
587 3884 774 3966 expiationis
803 3886 1012 3974 acciperetur.
1048 3889 1128 3956 Vid.

84 3973 267 4047 Gesnerum
283 3969 316 4033 in
331 3968 429 4055 Ling.
445 3969 776 4034 Romanoe'Tloesonro.

129 4055 215 4120 Ibid.
232 4055 254 4118 l.
266 4069 317 4130 27.
340 4076 443 4119 comae
457 4053 623 4120 horribilis·
632 4057 808 4142 curabitur]
825 4059 971 4123 Fortasse
985 4058 1129 4124 scriben-

85 4140 179 4221 dum,
200 4150 328 4204 comatre
349 4139 506 4204 horribilis
527 4163 601 4206 cotra
623 4142 740 4228 agitur.
784 4144 849 4208 Sed
870 4143 1011 4231 conjecit
1031 4167 1128 4232 repo·

87 4227 232 4294 nendum
246 4248 327 4307 esse,
343 4247 440 4291 comae
455 4225 616 4298 iorrililas
629 4239 768 4308 1111111111,
784 4229 943 4295 Samuelis
957 4228 1109 4297 Orellius.

103 4371 106 4376 .
132 4312 217 4385 Ibid.
232 4312 257 4382 l.
268 4326 321 4399 29.
343 4312 588 4401 Nonnunquam
607 4313 734 4405 accedit
752 4314 852 4383 etiam
871 4315 922 4383 sol
938 4328 973 4383 et
990 4317 1069 4386 luna
1081 4318 1134 4384 in«
