2678 4756
379 285 414 355 S.
435 285 781 357 VICTORINUS.
1038 302 1103 370 241-

47 470 135 540 eunt
149 458 260 548 itaque
272 459 343 526 eine
357 460 458 527 dubio
473 472 581 527 autem
599 460 741 548 (delenti.
756 471 877 540 autem,
887 455 934 525 ait
946 457 1098 545 Mlier.)
1176 536 1179 548 1

55 568 123 634 diei
145 569 256 658 augeli
278 569 464 654 duodecim,
486 572 591 638 noctis
616 571 724 659 angeli
745 569 930 650 duodecim,
954 591 1015 658 pro
1037 592 1100 637 nu-

55 700 149 745 mero
161 680 285 748 scilicet
299 682 464 748 horarum.
507 683 577 747 ¹in
597 695 674 748 sunt
693 703 832 769 namque
847 701 986 746 xx1111.
1001 693 1100 747 tester

55 789 185 856 dierum
205 805 240 857 et
261 794 417 873 noctium,
430 793 619 882 quisedent
640 803 715 859 ante
737 792 891 858 'thronum
909 789 986 871 Dei,
1002 813 1099 856 coro·

27 908 113 966 tnnc
128 923 241 968 aureas
258 903 291 968 in
308 903 468 992 capitibus
489 903 555 969 suis
577 903 744 984 habentes,
759 924 841 991 quos
856 902 890 967 in
907 901 952 986 (in
967 899 1096 967 delend.
1157 964 1161 974 ,

54 1024 169 1079 monet
184 1013 334 1100 Mlier.)
351 1016 553 1106 apocalypsis
567 1014 724 1082 Johannis
747 1014 885 1102 apostoli
906 1025 940 1079 et
961 1032 1098 1100 evange·

53 1122 138 1188 lietae
153 1124 293 1190 seniores
307 1137 413 1208 vocat,
427 1126 549 1192 idcirco
561 1127 638 1215 quia
654 1126 795 1192 seniores
811 1138 935 1191 suntet
951 1125 1021 1191 aliis
1034 1146 1095 1190 an·

52 1233 139 1321 gelie
152 1248 186 1301 et
200 1234 397 1302 hominibus.

153 1346 293 1434 Explicit
306 1349 477 1414 Tractatus
490 1348 650 1415 Vrctorini
662 1348 703 1413 de
717 1347 851 1413 Fabrica
864 1346 994 1412 Mundi.

12 1461 44 1514 lo
72 1461 188 1519 Primus
197 1480 230 1519 en
242 1463 339 1521 Codice
349 1462 535 1527 Lambettrono
548 1465 635 1521 edidit
644 1460 712 1519 Gul.
726 1461 829 1520 Gavius
840 1464 869 1519 in
880 1461 1004 1518 Historia
1015 1461 1072 1520 Lit.

449 1567 508 1627 vol.
519 1569 538 1627 i.
552 1587 617 1647 pag.
632 1568 697 1626 148.

391 1777 748 1819 ..ιιι-*4.-

47 1954 354 2041 Ιηέεφνείαίὶοηεπι,
379 1979 452 2045 quae
471 1952 623 2045 seqnitur,
644 1945 757 2020 Esaiae
778 1976 849 2042 cap.
864 1956 904 2020 vi.
925 1976 1045 2020 comm.
1060 1970 1091 2021 2.

94 2077 312 2167 commemorat
334 2068 367 2135 S.
383 2069 595 2157 Hieronymus
614 2067 721 2154 Epist.
744 2067 786 2134 ad
806 2068 992 2148 Damonem,
1008 2079 1090 2134 torn.

91 2175 140 2242 iii.
154 2191 271 2265 pole.
286 2177 334 2243 ed.
350 2179 552 2245 Murtionaei.

15 2342 35 2396 5
91 2316 179 2393 ⁸Seri
197 2329 258 2394 alae
272 2330 329 2395 uni
347 2334 398 2416 (ex
412 2329 609 2418 Seraphim),
623 2342 658 2396 et
674 2351 729 2396 sex
743 2329 802 2396 alae
817 2328 919 2398 alteri.
962 2326 1090 2388 Victori·

44 2451 217 2528 nuatumter
230 2442 379 2503 duodecim
392 2443 539 2523 apostolos
555 2446 758 2523 interpretatus
772 2453 824 2502 est.
992 2433 995 2439 ’

376 2686 378 2691 ⁴
392 2646 750 2688 w

44 2807 100 2874 De
115 2806 150 2874 S.
165 2806 314 2874 Victorini
329 2807 586 2896 Intnpretatione
598 2805 798 2872 Ecclesiastie
816 2827 888 2894 cap.
904 2807 945 2872 iv.
965 2829 1086 2873 comm.

92 2931 140 2983 13.
163 2919 215 2984 lto
230 2919 264 2984 S.
276 2917 407 2984 Hieron.
424 2919 540 2984 Comm.
563 2917 597 2982 in
617 2915 800 2982 Ecclesiast.
821 2915 864 2982 ad
885 2914 941 2981 loc.
958 2931 1039 2982 tom.
1051 2916 1086 2982 ii.

53 3080 56 3085 .
88 3050 124 3119 p.
137 3041 209 3106 741.

10 3192 38 3246 to
52 3176 57 3185 ’
86 3181 229 3260 Origenes
241 3193 271 3242 et
280 3184 446 3242 Victorinus
458 3204 518 3242 non
530 3183 652 3242 multum
666 3185 742 3242 inter
756 3201 787 3239 se
801 3182 912 3240 diversa
925 3165 1085 3240 senserunt.

44 3287 119 3346 Post
130 3289 294 3365 generalem
305 3292 381 3349 enim
395 3290 474 3348 illam
488 3291 672 3359 sententiam,
683 3309 746 3367 quae
757 3287 890 3346 omnibus
905 3296 995 3366 patet,
1007 3287 1086 3365 quod

43 3392 148 3451 melior
168 3396 207 3453 sit
227 3395 456 3453 adolescentulus
474 3414 582 3475 pauper
603 3405 633 3453 et
649 3397 774 3475 sapiens,
788 3414 873 3472 quam
890 3413 941 3452 rex
953 3412 1041 3452 senex
1056 3402 1086 3453 et

43 3498 195 3579 insipiens,
207 3509 237 3558 et
250 3501 327 3577 quod
340 3500 505 3577 frequenter
521 3503 626 3569 evenit,
642 3511 675 3559 ut
688 3500 736 3558 ille
754 3519 806 3578 per
819 3500 990 3578 sapientiam
1003 3519 1086 3559 suam

42 3603 133 3663 etiem
146 3604 182 3663 de
196 3625 309 3663 carcere
322 3607 397 3683 regis
412 3607 558 3683 egrediens
572 3606 694 3686 imperet
709 3626 762 3686 pro
776 3607 957 3664 dominatore
970 3625 1085 3684 perver-

10 3726 93 3782 5⁸⁰3
105 3717 137 3769 et
145 3729 198 3768 rex
208 3711 346 3791 insipiens
357 3712 457 3791 perdat
467 3712 628 3792 imperium,
638 3712 716 3789 quod
726 3712 856 3771 tenebat:
870 3731 955 3792 super
966 3713 1084 3770 Christo

40 3823 74 3873 et
83 3812 215 3873 Dlebolo
228 3816 307 3874 hunc
320 3815 414 3873 locum
426 3818 605 3895 interpretati
617 3827 695 3886 sunt,
709 3818 787 3894 quod
798 3836 917 3897 puerum
928 3836 1084 3897 pauperem

39 3927 72 3976 et
91 3918 265 3997 capientem,
280 3920 428 3979 Christum
444 3921 535 3979 velint
546 3939 681 4013 puerum,
695 3920 782 4000 juxta
797 3921 878 3991 illud,
900 3920 1084 4006 tMagnum

37 4023 103 4090 tibi
111 4035 162 4089 est
174 4025 280 4093 vocari
292 4038 325 4092 te
335 4049 471 4116 puerum
484 4050 591 4094 meum
598 4051 609 4108 ;
617 4031 782 4111 'Pauperem
796 4051 876 4102 vero,
889 4041 907 4074 ¹¹
915 4028 992 4115 quia
1001 4050 1096 4114 pau-1

70 4233 246 4297 'Aroe-im
350 4225 485 4303 wana
589 4239 753 4291 ererum.
850 4238 1052 4294 'ocenum

82 4330 177 4389 noi.
193 4331 257 4384 111.
569 4337 595 4385 u
939 4332 942 4339 '
