2678 4756
154 265 220 346 284
378 264 411 329 S.
434 264 712 330 LUCIANUS
739 264 969 335 MARTYR.
1064 212 1067 219 Ι

154 443 231 513 nepe
245 434 427 514 σροιςῆκισαι,
443 438 621 516 παρατρέψαι
635 438 676 496 rdr
691 445 712 497 ir
724 443 819 506 αὐταῖς
834 446 873 499 nir
888 446 1081 519 arefaciendam
1094 443 1119 520 a}
1132 441 1197 500 vohi·

152 540 183 599 ed
200 536 317 604 aicdnhor
337 546 358 598 ir
380 542 491 605 ταύταις
513 543 678 621 nogium,
702 545 778 609 αὐτὸς
799 547 912 611 ἁπάσας
936 542 1076 603 &renuerit
1102 551 1130 603 ἐκ
1152 549 1194 610 'trit

153 641 264 725 legalla
278 646 431 706 arr-uina
444 644 563 718 yadrlru
577 644 604 706 ir
618 645 663 703 nal
678 644 759 709 αὐτὴν
775 644 913 727 intercurris
934 653 958 714 ίς
975 645 1014 706 ‘tri
1030 650 1140 723 μάλιςα
1155 644 1192 715 in,

153 752 231 808 viror
243 749 277 828 τῇ
291 742 460 830 leovegildum
475 754 582 813 πλεῖς-ον
597 732 815 823 εἰσενεγκάμενος.Ι
848 750 905 807 Per
918 759 1010 807 totam
1025 752 1128 807 Asiam
1142 752 1193 808 ml·

153 871 253 910 norem
264 873 281 910 a
294 852 549 930 Constantinopoli
563 871 652 929 usque
667 853 702 910 ad
716 854 903 911 Antiochiam
917 854 1041 911 Luciani
1054 853 1192 930 Martyria

152 957 362 1035 exemplaribus
382 977 448 1015 usos
467 957 535 1014 olim
556 957 747 1024 Christianos,
760 967 882 1015 testatur
901 958 1098 1034 Hieronymus
1113 958 1191 1036 pref.

151 1062 182 1119 in
202 1061 376 1140 Paralipom.
398 1071 427 1119 et
443 1061 494 1120 lib.
511 1062 543 1119 ii.
561 1063 591 1117 in
611 1060 710 1118 Rufiu.
730 1061 851 1119 Librum
865 1062 936 1119 Johi
954 1064 985 1119 in
1002 1063 1113 1119 Codice
1126 1062 1190 1120 MS.

149 1151 358 1234 Alexandrino,
372 1184 456 1244 quern
472 1174 588 1222 servant
601 1163 701 1239 Angli,
716 1183 752 1222 ex
766 1164 888 1223 Luciani
906 1164 1075 1221 recensione
1089 1165 1190 1223 etiarn·

150 1289 219 1328 num
237 1288 384 1349 superesse
405 1268 555 1329 contendit
572 1267 621 1326 Jo.
635 1267 775 1325 Ernestns
795 1267 892 1327 Grabe
911 1266 1075 1342 Prolegom.
1092 1268 1130 1324 ad
1147 1279 1190 1326 to·

149 1393 227 1433 mum
241 1376 282 1432 iii.
296 1376 365 1432 edit.
379 1374 476 1432 LXX.
491 1373 685 1449 Interpretum
699 1391 762 1450 cap.
775 1372 794 1428 i.
810 1377 835 1446 ᾗ.
848 1371 876 1432 7.
892 1390 951 1446 seq.
972 1368 1159 1430 Fannrcrus.

146 1502 149 1507 ·
189 1476 203 1516 ‘¹
222 1479 323 1536 Brevis
337 1477 435 1544 dudum
449 1479 514 1536 fidei
528 1477 603 1554 apud
617 1477 808 1534 Athanasium
823 1476 858 1533 de
872 1475 994 1552 Synodis
1005 1488 1079 1534 tom.
1091 1478 1113 1536 i.
1126 1496 1188 1554 pag.

150 1584 219 1643 892.
242 1583 390 1641 Socratem
403 1584 432 1640 ii.
446 1582 490 1638 10.
503 1589 533 1637 et
543 1581 659 1637 Sozom.
671 1581 712 1638 iii.
724 1581 753 1638 5.
775 1580 884 1637 Confer
895 1578 1145 1639 Schehtratenum
1154 1583 1189 1641 ad

148 1690 261 1750 Concil.
280 1690 453 1748 Antiochen.
470 1708 499 1767 p.
518 1689 584 1746 112.
605 1706 665 1765 seq.
686 1687 869 1747 Fanarorus.
911 1687 957 1745 De
976 1689 1034 1747 hoc
1055 1688 1187 1766 symbolo

147 1796 286 1855 nonnulla
300 1798 422 1876 posthac
436 1804 624 1853 annotaturus
638 1814 701 1854 sum
715 1797 751 1854 ad
764 1772 1005 1873 Fragmentorum
1020 1795 1139 1855 calcem.

185 1908 198 1936 ⁶
217 1902 254 1959 A.
269 1900 339 1959 311.
365 1899 440 1956 Vide
463 1896 668 1956 Comhefisimn
692 1899 729 1957 ad
752 1900 782 1958 S.
802 1898 927 1958 Maximi
951 1919 1040 1979 opera
1063 1910 1137 1961 tom.
1156 1903 1184 1960 ii.

141 2018 211 2089 pag.
223 2008 292 2071 718.
313 2009 389 2067 Acta
402 2007 533 2065 Sanctor.
549 2007 577 2068 7.
589 2006 707 2068 ianuar.
722 2028 788 2090 pag.
799 2010 868 2072 357.
883 2028 942 2087 seq.
963 2006 1185 2070 Tillcmontium

143 2124 216 2178 tom.
227 2115 266 2176 iv.
278 2132 398 2174 memor.
410 2114 463 2174 &a
482 2112 663 2175 Fraurcruu.
