2678 4756
262 294 369 361 rus.
393 291 612 367 corumn
636 287 934 358 FRAGMENTA.
1073 306 1115 378 37

75 487 109 541 o.
120 466 356 546 tupualmplv
375 463 423 527 nal
443 463 700 549 ἁνανθρωποτατὴν,
712 483 732 525 α
743 458 897 547 fraterna
915 457 1046 524 caritate
1060 457 1116 523 an-

76 549 253 615 lmrtentem
266 559 298 614 et
311 546 600 613 inhumanissimam
613 561 723 613 vocat:
739 546 816 633 quin
828 544 975 610 videlieet
987 544 1124 611 haereti:

75 657 137 700 eus
150 633 211 700 iste
225 633 321 720 lnpois
335 633 572 699 communionis
587 653 624 696 ao
661 631 726 696 acis
741 653 830 717 spem
847 653 977 696 ornnem
992 631 1117 695 adime·

75 719 147 785 bet.
190 718 312 784 Eadem
327 719 456 783 haeresis
468 731 502 782 et
520 717 607 803 apud
652 716 824 804 yprianum
846 716 878 780 in
899 717 1053 781 Tractatu
1074 715 1117 781 ad

75 805 310 882 Novatianum,
330 804 424 870 et'ab
444 803 649 889 Hieronymo
669 801 761 867 initio
782 800 926 888 epistolae
948 801 989 866 sd
1011 800 1117 867 Ocea-

77 911 171 968 num,
196 891 296 954 Caino
316 887 443 954 lraeresis
461 888 651 974 appellatur,
668 887 745 951 licet
766 886 887 951 diversa
907 885 1046 973 quadam
1066 909 1118 951 ra·

77 973 179 1039 tione.
222 976 277 1040 Sic
291 995 408 1061 nempe
422 987 625 1058 nuncupatur
638 995 658 1038 a
672 972 818 1058 praedicti
831 973 1000 1038 Tractatus
1015 971 1118 1058 scrip·

52 1066 56 1075 '
78 1071 162 1138 tore,
177 1059 253 1145 quio
273 1059 395 1124 nonnisi
417 1068 542 1122 tuntum
564 1058 695 1122 occidere
714 1056 833 1157 gestit5
855 1057 896 1122 ab
914 1057 1119 1142 Hieronymo
1186 1050 1189 1065 '

29 1213 32 1220 ,
78 1157 201 1224 autem,
217 1143 293 1231 quia
309 1145 413 1209 Caino
428 1143 540 1208 similis
555 1143 737 1229 desperantr
751 1164 789 1206 ac
804 1142 935 1221 dicenti,
950 1142 1061 1227 Major
1074 1152 1120 1206 est

79 1227 232 1316 iniquitas
247 1251 327 1308 nmo,
344 1251 440 1317 quum
458 1239 494 1293 ut
515 1226 637 1293 venium
654 1249 785 1306 mereor,
801 1227 941 1313 peccatis
960 1227 1121 1293 nonnullis

79 1314 181 1384 renim
197 1336 286 1400 spem
295 1336 433 1464 prorsus
447 1327 558 1399 negat,
573 1313 720 1399 adeoque
737 1311 815 1376 dicit
835 1310 945 1400 aliqua
965 1334 1029 1378 esse
1045 1326 1120 1396 pec·

10 1467 12 1474 ,
80 1410 164 1478 cota,
179 1421 253 1486 quae
270 1400 296 1465 G
315 1399 411 1464 rietus
424 1421 485 1464 non
500 1398 597 1487 possit
609 1414 749 1486 purgare
762 1397 914 1484 sauguine
928 1420 993 1462 suo.
1018 1396 1121 1463 Cou-

82 1503 220 1548 susum.

125 1569 161 1634 P.
179 1584 226 1632 10.
249 1569 273 1633 l.
287 1583 317 1634 2.
345 1575 424 1632 τοῦτο
446 1569 497 1650 μὶν
519 1567 684 1646 ἐπισκόπων,
706 1567 784 1652 &c.]
807 1566 960 1656 Quinque
981 1566 1122 1634 adfuisse

78 1653 187 1809 Risu
203 1654 243 1718 vi.
262 1677 295 1718 n.
309 1668 341 1718 2.
373 1653 478 1739 (epist.
504 1653 687 1739 superioris)
715 1653 877 1718 dicuntur.
922 1653 1047 1719 Mirum
1072 1666 1123 1720 est

102 1818 105 1823 Ι
152 1761 209 1803 um
227 1738 281 1803 hio
302 1739 505 1826 presbyteros
526 1738 710 1817 memorari,
723 1760 761 1803 ac
779 1738 877 1804 taceri
894 1736 1047 1804 diaconos
1064 1738 1123 1803 ali-

79 1823 322 1905 mecledone,
344 1823 519 1910 presertim
543 1846 619 1888 cum
645 1823 719 1888 lutici
745 1824 842 1889 etiam
867 1824 1038 1889 adfuerint.
1083 1826 1123 1889 In

80 1907 220 2007 epistola
241 1907 373 1996 quidem
386 1909 431 1977 ,vi.
455 1932 489 1972 n.
502 1923 534 1973 2.
557 1909 675 1973 dicitur
695 1907 923 2058 preslpterium
945 1910 1006 1974 hac
1029 1929 1125 1988 occa,-

80 2015 173 2058 srone
187 2006 400 2059 contractum.
434 1994 498 2058 Sed
513 1993 576 2058 hoo
591 1993 748 2058 vocabulo
763 2017 781 2058 c
795 1993 840 2057 eri
856 2009 960 2058 coetus
973 2018 992 2059 a
1006 1993 1124 2078 potiori

79 2079 153 2164 ejus
169 2091 259 2164 parte
272 2077 434 2164 designari
456 2080 591 2156 solebat.
636 2080 732 2143 Forte
750 2079 848 2144 etiam
868 2078 980 2143 endem
1000 2080 1124 2144 ratione

80 2160 138 2228 hic
151 2165 413 2251 presbyterorum
427 2164 558 2228 nomine
573 2177 662 2228 totus
676 2164 782 2229 clerus
796 2163 1003 2251 significatur.
1020 2164 1075 2229 Co
1081 2185 1123 2228 u-

82 2268 222 2313 srnnr.

127 2332 214 2397 Ibid.
233 2332 257 2396 l.
273 2347 303 2398 8.
326 2333 454 2418 ἁγαπητὲ
476 2333 592 2416 turpi]
617 2335 755 2414 Mutum,
781 2335 807 2401 si
854 2335 907 2401 uid
930 2335 993 2400 hoc
1016 2335 1123 2414 refert,

79 2419 253 2484 verborum
270 2417 413 2483 ordinem
429 2440 468 2481 ex
483 2417 584 2482 MSS.
600 2419 694 2483 Bodl.
715 2432 745 2484 et
763 2358 906 2506 NorJolc.
925 2420 1123 2507 Georgioque

80 2502 222 2590 Syncell.
258 2502 341 2579 Mox
356 2509 442 2588 καιρῷ
456 2525 475 2566 a
494 2503 625 2591 Georgia
640 2506 742 2587 abest.

127 2587 213 2652 Ibld.
229 2588 252 2651 l.
267 2602 315 2651 10.
337 2590 369 2650 δι’
384 2587 467 2674 ὅρκων
487 2587 603 2674 puteum
622 2590 715 2672 τινῶν]
733 2593 777 2654 διὰ
796 2592 899 2655 τούτων
919 2593 1020 2678 ἀνδρῶν
1041 2589 1124 2672 pois-

79 2680 146 2758 ρῶν.
165 2673 243 2738 MS.
259 2671 400 2757 Norfole.
428 2672 491 2736 Sed
505 2673 677 2738 lectionem
693 2697 815 2755 sanam,
831 2701 905 2763 quae
920 2687 1124 2762 receperent,

80 2771 174 2823 vetus
187 2758 342 2844 interpres
357 2757 487 2843 Rufinus
499 2757 653 2823 invenisse
667 2760 800 2825 videtur.

84 2900 90 2905 .
128 2840 317 2922 Ibid.l.1r.
339 2844 383 2926 τὸ]
401 2843 432 2905 τὸ
447 2843 569 2908 omittit
583 2845 631 2908 ed.
645 2845 752 2929 Stepln
772 2847 944 2929 Srnorrr.
980 2843 1125 2909 Editioni
1215 2906 1216 2909 ,

81 2926 192 3011 Steplr.
211 2927 235 2991 S
257 2925 348 2990 neell.
363 2927 474 2992 addas.

128 3011 214 3076 lbid.
228 2950 255 3076 li
267 3027 313 3075 12.
335 3011 432 3098 iiomp¹
442 3016 473 3075 in
487 3015 639 3099 μαγγάνου
656 3017 740 3100 τινὸς]
757 3018 833 3080 Hoc
848 3016 923 3081 loco
939 3019 970 3079 ἐκ
984 3014 1124 3101 polymina

81 3095 171 3160 idem
187 3109 237 3161 est
250 3095 339 3182 quod
359 3100 413 3160 ἀπὸ
434 3105 583 3183 μηχανῆςε
606 3123 679 3186 quae
699 3102 905 3186 proverbialis
921 3101 1043 3166 locutio
1059 3101 1124 3164 fre·

107 3203 188 3246 uens
206 3195 255 3245 est
268 3181 353 3266 apud
369 3183 514 3247 Graecon
558 3187 644 3248 Nam
665 3187 804 3272 μάγῐανον
823 3186 907 3251 idern
929 3199 978 3249 est
997 3199 1035 3249 ao
1054 3207 1125 3248 ma·

79 3287 103 3346 o
128 3265 189 3330 'nn
234 3266 335 3353 Quod
355 3267 454 3336 miror
475 3290 534 3331 nec
556 3291 575 3332 a
597 3272 765 3350 Musculo,
782 3293 840 3335 neo
857 3294 876 3334 a
893 3268 1125 3355 Christophor-

83 3371 167 3428 ¹sono
186 3351 440 3416 animadversum
460 3353 568 3418 fuisse.
590 3357 799 3420 VnnnsruS.
842 3356 989 3440 puynimu
1009 3376 1083 3420 cum
1106 3381 1125 3419 κ
1239 3414 1241 3418 .

83 3435 218 3513 exhibet
230 3437 308 3501 MS.
326 3436 426 3501 Sunii.
443 3460 499 3502 seu
514 3439 607 3502 Bodl.

128 3521 214 3597 Ibid.
227 3521 250 3584 l.
269 3535 316 3588 13.
340 3520 402 3596 ἔτος
416 3523 474 3607 γάρ
488 3549 530 3586 τοι
546 3530 559 3586 ὁ
574 3527 743 3607 luyponis-ig
759 3523 836 3608 &c.]
855 3525 1126 3612 Christophotso·

83 3626 147 3669 nus
162 3605 225 3668 hoc
240 3607 354 3670 Latine
374 3607 419 3671 ita
441 3609 620 3673 convertit:
643 3612 707 3673 Iste
719 3632 809 3674 nome
822 3623 916 3676 sectae
929 3611 1081 3689 inventor,
1096 3622 1127 3675 et

81 3689 238 3755 doctrinm
255 3691 482 3771 ecclesiasticae,
500 3693 528 3756 si
547 3695 614 3757 Deo
634 3694 749 3777 placet,
770 3707 982 3794 propugnator
991 3720 1004 3774 ,⁶
1026 3697 1126 3761 Vale·

83 3773 153 3839 sius
176 3797 263 3853 vero,
284 3772 316 3840 Is
341 3777 396 3863 qni
420 3800 452 3841 se
473 3778 626 3842 doctorem
652 3791 682 3843 et
708 3779 923 3845 ecclesiasticae
949 3780 1126 3865 discipliuae

78 3870 346 3948 propugnatorem
354 3861 496 3948 ferebat.
533 3866 607 3928 Vox
621 3866 790 3946 δογματιςὴς
805 3879 837 3928 et
853 3865 974 3952 aliquid
987 3866 1126 3951 amplius

82 3966 184 4032 quam
200 3945 362 4023 doctorem,
374 3960 407 4011 et
419 3947 563 4011 nonnihil
579 3949 684 4012 minus
700 3971 797 4034 quam
811 3974 900 4015 novae
914 3959 1007 4014 seotoe
1016 3949 1126 4015 inven-

82 4040 184 4095 torem
198 4044 301 4095 sonat.
346 4031 453 4095 Palam
468 4045 519 4097 est
532 4032 748 4101 Novatianum
766 4034 817 4098 hic
832 4035 1047 4099 ecclesiasticen
1060 4035 1125 4100 dir-

81 4113 214 4214 piplinoe
224 4127 499 4216 propugnatorem,
512 4131 546 4181 et
562 4141 653 4183 num.
665 4133 696 4182 3.
712 4120 883 4208 Evangelii
895 4120 1045 4186 vindicem
1059 4120 1125 4185 iro·

81 4220 159 4277 uros
170 4199 356 4287 predican3
379 4202 457 4289 quia
475 4202 627 4269 nimirum
647 4202 717 4290 ipse
732 4205 1031 4292 praeclnrumlruue
1046 4205 1127 4275 titu-

580 4310 604 4354 D
619 4303 636 4353 3
