2678 4756
219 292 306 394 104*
484 290 762 400 anatome
792 278 989 381 ancum.

258 478 342 545 Item
369 480 450 546 alius
476 483 595 547 Lucius
617 506 636 547 a
659 484 847 548 Membresa
869 476 959 549 dixit.
1003 469 1170 569 Scllp'him
1192 484 1257 548 eat:

217 588 327 655 ²D'eus
339 604 529 677 peccatorem
542 616 602 656 uon
616 592 716 657 audit.
753 594 947 675 Haereticue,
960 593 1017 680 qui
1031 596 1185 681 peccator
1199 594 1257 674 eet,

216 698 383 786 quomodo
399 701 501 766 audiri
515 703 547 766 in
566 703 728 788 baptismo
742 707 872 789 potest?

263 813 347 875 Item
368 811 449 875 alius
472 811 560 875 Felix
583 834 601 874 a
623 813 812 876 Bussacenis
834 813 925 876 dixit.
963 814 1001 874 ln
1019 809 1180 875 haereti'eis
1194 809 1260 875 sin‘e

215 912 360 985 eccle'siae
375 921 537 1006 baptismo
553 918 759 986 admittendis
778 943 872 985 nemo
895 919 1164 985 consuetudinem
1185 919 1280 983 rati-⁵

215 1030 271 1094 o'ni
287 1043 321 1095 et
334 1031 457 1095 veritati
472 1044 650 1117 praeponat‚
664 1032 740 1118 quia
753 1029 1018 1096 consuetudinem
1033 1029 1117 1095 ratio
1132 1020 1167 1093 el
1182 1027 1261 1092 reri·

214 1151 264 1205 tas
281 1163 407 1227 semper
421 1142 575 1205 excludit.

256 1232 351 1316 Anus
363 1250 552 1315 saturninus
564 1251 605 1314 ab
619 1248 754 1315 Auum
766 1250 857 1314 uixit.
881 1250 915 1314 si
929 1254 1038 1336 potest
1052 1234 1260 1325 mutuatu.

215 1354 291 1423 dare
306 1359 403 1423 alicui
417 1359 553 1445 gratiam
570 1359 703 1438 Christi,
717 1373 854 1446 possunt
869 1372 902 1424 et
920 1356 1065 1423 haeretici
1078 1356 1258 1444 baptizare,

214 1469 270 1557 qui
287 1467 439 1554 appellati
454 1482 526 1532 sunt
542 1468 729 1533 antichristi.
1270 1468 1300 1520 1⁰

248 1562 400 1641 'Quintus
422 1576 463 1640 ab
482 1579 604 1663 Aggya
624 1576 714 1640 dixit.
753 1578 812 1641 llle
834 1587 944 1663 potest
965 1576 1041 1641 d'are
1063 1574 1188 1662 aliquid
1206 1575 1260 1661 qui

213 1682 335 1771 aliquid
351 1684 508 1750 habuerit.
536 1686 693 1750 Haeretici
709 1699 816 1751 autem
832 1686 912 1774 quid
926 1697 1062 1772 possunt
1076 1684 1166 1764 dare,
1179 1688 1258 1773 q'uo's

214 1797 340 1860 constat
357 1794 436 1859 nihil
452 1795 591 1859 habere?

255 1904 350 1968 Alius
374 1905 521 1968 Julianus
545 1927 564 1967 a
588 1904 798 1968 Marcelliano
820 1904 911 1967 dixit.
948 1903 1006 1967 ³Si
1024 1912 1137 1989 'potest
1158 1898 1258 1966 homo

213 2012 341 2079 duobus
357 2013 496 2078 dominis
514 2012 641 2092 servire,
653 2014 727 2078 Deo
741 2026 773 2077 et
787 2036 995 2090 mammonae,
1007 2024 1116 2098 potest
1129 2024 1164 2076 et
1179 2010 1300 2098 bap-15

155 2144 157 2152 ’
213 2120 309 2188 ti‘sma
324 2122 452 2188 duobus
467 2123 593 2200 servire,
610 2121 783 2187 christiano
799 2136 831 2187 et
846 2121 1011 2186 haeretico.

254 2235 365 2298 Tenax
389 2233 429 2296 ab
456 2233 590 2296 Hor'reis
616 2230 726 2296 C'aeliae
750 2232 842 2296 dixit.
882 2220 1049 2317 baptisma
1072 2238 1176 2300 urium
1196 2238 1259 2310 est,

212 2340 269 2407 s'e‘d
295 2341 450 2405 ecclesiae.
499 2339 568 2404 Ubi
587 2340 722 2404 ecclesia
745 2364 809 2405 non
832 2344 893 2419 est,
914 2338 1076 2427 baptisr'na
1099 2338 1168 2411 illic
1191 2348 1260 2404 esse

213 2454 279 2514 iton
295 2454 414 2536 potest.

168 2576 171 2581 ·
255 2559 350 2623 Alius
362 2557 477 2622 Victor
489 2559 529 2622 ab
542 2558 680 2622 Assuras
696 2558 787 2622 dixit.
811 2557 998 2645 bScriptum
1014 2568 1063 2623 est
1077 2558 1154 2644 quia
1168 2554 1305 2622 Deusta

212 2672 297 2742 unus
317 2680 377 2749 est,
398 2681 430 2732 et
453 2668 602 2732 Christus
624 2691 718 2746 unus,
740 2683 774 2732 et
794 2668 929 2732 eeclesia
949 2691 1023 2747 una,
1044 2678 1076 2731 et
1097 2666 1262 2752 b'aptis'rna

213 2780 327 2877 unum.
372 2777 550 2866 Quomodo
572 2800 651 2863 ergo
671 2776 737 2902 *c
760 2778 917 2863 baptizari
940 2777 1054 2864 aliquis
1074 2789 1184 2863 potest
1204 2776 1263 2842 ubi

214 2884 308 2954 Deus
323 2900 356 2951 et
372 2887 522 2952 Christus
538 2899 571 2950 et
586 2880 722 2950 ecclesia
737 2890 887 2950 nonest?
1328 2866 1337 2889 ⁸

259 2997 444 3070 Donatulus
459 3019 478 3060 a
494 2998 599 3081 Capse
614 2996 704 3059 dixit.
740 2999 783 3060 Et
797 3019 861 3082 ego
881 3018 1007 3082 semper
1027 2996 1090 3059 hoc
1113 2995 1210 3074 sen'si,
1226 2998 1264 3059 ut

214 3104 371 3184 haeretici,
391 3105 447 3192 qui
469 3094 548 3168 nihil
567 3102 645 3167 foris
663 3106 822 3191 ‘consequi
843 3114 988 3191 pos'sunt,
1004 3104 1133 3190 quando
1149 3105 1195 3169 ad
1208 3100 1307 3170 eall

218 3204 348 3280 clesiam
364 3211 594 3280 convertuntur
608 3213 825 3299 baptizentur.

261 3326 401 3392 Verulus
418 3349 437 3389 a
452 3323 630 3389 Rusiccade
645 3322 735 3386 dixit.
772 3325 886 3387 Homo
907 3322 1078 3387 haereticus
1099 3322 1176 3388 dare
1197 3327 1264 3388 no'n

219 3448 327 3521 potest
349 3435 437 3521 quod
462 3457 525 3497 non
552 3433 650 3496 habet
658 3456 668 3511 3
692 3433 795 3496 multo
821 3432 927 3518 magis
950 3432 1185 3511 schismaticam,
1208 3432 1267 3520 qui

220 3547 308 3632 quod
322 3528 437 3608 habuit
452 3545 569 3607 ainisit.

265 3653 481 3718 Pudentianus
500 3674 520 3715 a
541 3649 670 3715 Cuiculi
687 3650 777 3715 dixit.
815 3650 951 3715 Novitas
966 3651 1171 3736 episcopatus
1186 3644 1312 3716 effe-ao

222 3763 278 3842 cit,
294 3764 406 3826 fratres
420 3760 629 3840 dilectissimi,
642 3773 679 3825 ut
692 3761 881 3824 sustinerem
895 3760 972 3847 quid
986 3760 1123 3846 majores
1135 3759 1269 3847 judica·

222 3875 304 3935 ient.
348 3856 437 3934 Nam
460 3870 595 3934 haereses
617 3869 698 3933 nihil
719 3870 838 3933 habere
860 3891 918 3933 nec
941 3890 1036 3954 posse
1057 3869 1269 3934 manifestum

223 3993 283 4044 est.
322 3980 432 4067 Atque
452 3980 497 4044 it'a
518 3980 544 4044 si
564 3980 619 4068 qui
640 4000 679 4044 ex
696 3979 742 4042 eis
756 3979 898 4045 venerint
912 3977 1068 4065 baptizari
1083 3976 1271 4064 aequissime

224 4102 381 4156 statutum
397 4100 457 4153 est.

273 4249 288 4276 z
303 4245 375 4292 loen.
385 4243 420 4290 ix.
428 4251 468 4290 ar.
615 4250 627 4274 ⁸
642 4239 732 4288 Matth.
742 4241 775 4291 vi.
787 4251 828 4290 24.
983 4237 997 4275 ⁸
1012 4240 1102 4304 Ephca.
1114 4239 1147 4288 iv.
1160 4249 1185 4298 a,
1196 4245 1224 4287 6.
