2678 4756
150 290 215 354 420
489 272 848 343 ANNOTATIONFS

151 440 290 505 loannes
306 440 526 509 antiochenus
541 443 573 509 in
589 444 774 513 collectione
789 445 949 511 01111111
962 443 1008 509 ad
1023 466 1104 533 pag.
1117 457 1185 522 57⁵.

154 524 357 593 Bibliothecae
368 528 456 594 Jnris
472 530 618 595 manniri
634 531 762 609 Veteris,
777 554 873 618 quam
895 529 1069 599 edidenmt
1087 532 1185 597 Voel·

151 611 201 683 lus
220 629 253 677 et
274 615 360 679 Hen.
373 616 527 681 lustellus
542 617 667 682 Parisiis
680 640 765 682 anno
783 624 870 697 1661,
883 618 1099 704 Symeonque
1112 619 1185 683 Ma-

151 698 252 782 gister
276 700 307 763 in
339 700 479 785 Epitome
503 703 661 767 Coronam
684 702 763 767 ibid.
786 724 820 789 p.
841 716 920 782 7213
941 701 1065 788 quibus
1089 703 1185 768 addat

153 785 311 849 Zonaram
332 787 365 850 in
383 787 551 851 Commeat.
573 788 614 852 ad
635 787 720 853 hunc
736 787 916 867 Canonem,
930 787 1185 876 Aristenumque

151 868 249 941 alium
264 887 549 937 commentatorem
567 875 718 938 Graecum
739 874 780 939 ad
803 874 970 940 Cononem
994 875 1184 941 secundum.

153 954 315 1023 Caeterum
331 971 476 1023 notatum
492 958 555 1024 hoc
571 958 663 1023 velim
683 982 704 1023 1
726 960 856 1038 lectore,
874 959 1064 1047 ubicunque
1084 960 1120 1025 in
1139 961 1185 1025 his

150 1058 185 1105 et
211 1045 418 1127 sequentibus
452 1044 628 1109 canonibus
656 1044 815 1111 diversum
845 1044 923 1131 quid
950 1046 995 1111 ab
1026 1045 1184 1115 Haeduini

152 1127 356 1193 Caecilianam
374 1129 513 1194 editione
535 1129 668 1194 haberet
690 1131 739 1195 vel
760 1130 964 1217 Beveregius,
985 1130 1037 1196 vel
1058 1131 1184 1198 oedioes

149 1213 259 1298 scripti
273 1214 452 1293 Bodleiani‚
466 1216 555 1301 quod
569 1215 772 1302 probandum
786 1229 820 1282 et
838 1218 870 1281 in
888 1230 1015 1282 textum
1030 1217 1183 1304 recipien-

149 1298 226 1363 dum
248 1300 327 1366 mihi
342 1302 443 1365 visum
460 1301 566 1380 luerit,
581 1301 614 1366 id
628 1301 741 1367 sedulo
756 1325 776 1366 a
790 1324 841 1367 me
855 1303 1022 1389 sigmtum
1036 1303 1138 1369 fuisse
1151 1325 1184 1368 ac

149 1385 339 1451 testimoniis
353 1386 418 1452 suis
434 1387 605 1451 firmatum.

193 1472 228 1535 Ρ.
239 1485 309 1537 405.
322 1473 344 1537 l.
360 1488 406 1537 10.
427 1474 497 1556 μήτε
517 1477 549 1536 ἐκ
568 1472 674 1556 motta
699 1472 782 1556 τινος]
800 1473 875 1537 Hoc
891 1471 932 1537 de
946 1471 1012 1537 illis
1029 1472 1184 1560 interpre-

148 1570 256 1621 tantur
278 1560 420 1624 Zonaras
440 1558 654 1646 Balsamoque
668 1559 701 1622 in
718 1556 848 1623 Scholiis
861 1580 919 1622 seu
936 1558 1183 1637 Conmentariis,

148 1641 215 1728 qui,
231 1657 268 1708 ut
281 1644 395 1708 Latina
414 1645 548 1709 Zonarae
562 1645 676 1730 interp.
692 1656 774 1722 utar,
789 1644 977 1729 priusquam
998 1645 1099 1709 etiam
1121 1658 1183 1711 tor·

149 1743 258 1795 menta
279 1730 355 1815 ipsis
375 1731 631 1808 admoverentur,
646 1729 780 1793 emolliti
799 1728 914 1793 dedere
935 1751 1077 1810 manus;
1097 1744 1130 1796 et
1147 1753 1183 1795 ne

148 1836 206 1879 sua
232 1815 395 1880 voluntate
421 1815 596 1880 sacrificare
618 1815 808 1892 viderentur,
835 1814 1002 1895 satellites,
1028 1827 1068 1880 ut
1095 1817 1182 1881 vehe-

147 1900 305 1965 mentiore
319 1903 403 1966 forte
417 1901 542 1987 impetu
555 1923 611 1966 eos
627 1900 821 1978 invaderent,
833 1901 1016 1987 acriterque
1031 1917 1181 1988 torquen-

147 1987 229 2051 tium
253 1988 392 2072 speciem
417 1988 607 2073 praeberent,
628 1982 738 2071 'pretio
764 1997 820 2051 aut
844 1985 997 2072 precihus
1025 1987 1182 2055 adducere

146 2071 277 2151 solitos3
301 2073 406 2159 utqui
426 2073 471 2137 sic
490 2071 721 2150 immolassent,
737 2094 800 2136 non
815 2071 930 2158 ignavo
944 2072 1109 2160 languore
1120 2075 1181 2140 ani·

146 2157 192 2228 mi
207 2158 264 2224 sed
279 2160 308 2222 vi
323 2159 397 2223 victi
413 2157 580 2223 Christum
596 2157 1010 2243 negasseexistimarentur.

191 2242 273 2307 lbld.
295 2244 386 2309 l.15.
416 2245 533 2328 ὁμιλεῖν]
563 2243 650 2308 Huic
675 2242 771 2308 verbo
794 2243 1040 2309 accommodari
1059 2240 1184 2311 *videtur

142 2327 240 2415 ⁴breve
261 2331 342 2395 illud
363 2330 534 2409 scholium,
548 2328 635 2416 quod
653 2329 736 2393 inter
753 2327 839 2392 hunc
858 2346 1017 2393 canonem·
1035 2346 1072 2397 et
1088 2331 1180 2397 inter·

122 2460 125 2464 ι
168 2417 358 2481 retationem
381 2417 453 2503 ejus
473 2417 506 2480 in
527 2415 640 2480 codice
659 2413 917 2479 Amerbachiano
937 2415 1077 2501 legitur,
1093 2418 1138 2482 sie
1150 2438 1181 2481 se

144 2435 280 2581 liabenS,
296 2502 394 2585 λόγους
409 2501 619 2574 διδασκαλικοὺς
635 2503 767 2577 noostha
781 2505 820 2584 τῷ
834 2504 905 2585 λαῷ.
933 2509 1000 2575 πῶς
1021 2508 1084 2590 γὰρ
1104 2503 1180 2590 {repet

146 2591 287 2650 inohoirro
302 2589 433 2665 βέλτιςα,
449 2589 525 2650 αὐτοὶ
540 2584 775 2671 ωαρασφαλέντες
789 2590 824 2648 ri
839 2585 999 2669 npelrlor053
1027 2589 1181 2652 Sermones

146 2672 332 2736 doctrinales
347 2674 388 2736 ad
405 2672 556 2756 papalum
572 2670 691 2735 1111111.
730 2671 881 2756 Quomodo
896 2671 979 2734 enim
994 2672 1058 2738 atti
1072 2674 1181 2759 optimo

147 2757 339 2836 edoceantur,
356 2781 424 2821 erem
439 2758 499 2841 ipsi
514 2781 532 2820 a
548 2756 672 2821 meliore
688 2757 787 2822 aonii
794 2755 952 2843 suerint?
980 2759 1063 2823 Hoc
1079 2775 1182 2826 autent

146 2842 306 2907 scholium
329 2845 359 2907 in
385 2844 473 2908 nullo
493 2845 556 2907 alio
574 2843 686 2907 codice
707 2843 854 2907 habetur.
875 2844 1082 2909 Bevsnes.
1125 2847 1181 2911 Le·

146 2928 289 3014 gendum
307 2928 338 2992 in
354 2953 393 2993 eo
409 2930 546 3006 videtur,
561 2936 625 3002 ωῶς
639 2932 696 3014 γὰρ
711 2931 807 3015 ἑτέροις
824 2930 885 2992 hcc.

191 3015 374 3096 111111116.
395 3019 433 3096 μὴ
453 3015 572 3098 tisim]
591 3016 639 3078 Ut
657 3014 758 3079 verbis
777 3013 890 3079 veteris
908 3015 1081 3099 scriptoris
1104 3029 1180 3094 utar,

146 3123 284 3186 quorum
306 3102 426 3180 sedem,
446 3116 617 3186 postquam
640 3122 679 3162 ea
699 3098 862 3184 descripsi,
883 3101 1010 3184 signare
1037 3102 1180 3187 neglexe-

146 3208 226 3263 ram,
245 3188 341 3249 Tanto
363 3186 492 3249 candore
513 3185 685 3269 conspicuos
707 3185 863 3248 ministros
884 3207 953 3248 snos
975 3187 1105 3251 ecclesia
1124 3208 1181 3250 esse

146 3271 291 3349 decernit,
308 3287 344 3336 ut
365 3272 441 3336 licet
462 3271 602 3335 secundo
623 3271 806 3349 certamine,
823 3270 944 3333 elatum
964 3273 1075 3357 priore
1089 3273 1179 3338 victo-

144 3357 191 3421 ria
212 3357 337 3420 hostem
360 3371 571 3443 superassent,
587 3378 623 3420 ac
641 3357 772 3440 proinde
787 3378 821 3418 se
836 3356 1017 3441 negationis
1033 3380 1100 3421 suae
1115 3358 1180 3420 labe

145 3444 388 3521 emaculassent,
402 3466 462 3505 nort,
478 3453 581 3506 tomen
595 3441 715 3506 idoneas
729 3440 863 3526 amplios
878 3441 1119 3522 existimaverit,
1130 3442 1179 3530 qai

147 3526 462 3611 soerisfanctionilns
476 3524 701 3592 ministrarent.

543 3782 708 3849 CANON
739 3784 783 3847 ll.
852 3851 855 3856 .

178 3957 225 4022 P.
239 3961 309 4021 406.
327 3955 350 4020 l.
361 3968 392 4020 4.
416 3955 563 4042 ἱερατικῆς]
581 3956 657 4019 Ηο1
680 3977 738 4040 ρ1ο
761 3958 831 4042 ἱερᾶς
853 3957 893 4020 ad
916 3979 1008 4021 oram
1026 3956 1103 4021 edit.
1118 3964 1180 4021 sua

148 4041 353 4109 conciliatam
379 4055 501 4107 atvar.
523 4041 598 4104 lect.
622 4041 731 4125 posuit
753 4041 951 4122 Harduinus,
974 4043 1126 4129 idemque
1143 4042 1178 4105 iu

148 4126 293 4214 Synodiei
320 4127 370 4192 sui
398 4142 489 4193 textu
519 4125 706 4191 exhibuerat
733 4127 950 4215 Beveregius3
982 4122 1179 4194 firmantibus

145 4227 215 4278 turn
237 4214 360 4300 scriptis
374 4213 513 4285 omnibns
528 4211 708 4277 Bodleianis
730 4227 845 4297 praeter
864 4214 927 4278 dno
947 4215 1092 4282 numeris
1114 4225 1177 4278 158.
