2678 4756
246 290 312 362 434
404 210 406 215 v
583 267 941 341 ANNOTATIONES

252 465 355 515 omnes
376 453 491 531 preter
510 463 609 508 unum
630 443 705 508 MS.
724 456 794 509 τοο.
813 458 954 531 eumque
973 441 1100 511 ceteris
1117 441 1284 596 W

252 528 473 606 recentiorem,
488 539 557 593 tum
572 550 646 594 vero
661 528 763 594 codes
779 529 937 594 Οονιονιιιονι
951 527 1107 596 Ecclesioe
1140 540 1209 595 uste
1268 564 1283 580 ·

251 637 321 694 aas,
333 617 473 682 Joannes
488 614 711 680 Antiochenus
720 636 795 679 cum
807 614 969 701 impressam
984 627 1053 687 turn
1064 616 1198 694 MStus,
1210 636 1284 702 pro-

252 701 347 767 bante
358 713 392 766 et
401 699 557 765 Salmasio
562 723 572 780 3
589 699 722 765 alteram
734 720 807 765 vero
842 700 1029 788 ωριπιτκᾶτος
1039 701 1142 786 vulgo
1155 713 1288 767 tueutrr

255 785 459 853 casalinum
476 787 697 874 (lenonumque
710 783 800 851 editt.
815 726 1043 874 heveregiique
1056 786 1245 873 synodicos.

295 873 370 937 Jam
385 894 469 951 vero,
483 870 510 935 si
529 871 595 951 iila,
608 894 682 958 quse
701 872 817 952 sanior,
832 872 866 938 ni
881 871 985 951 fallor,
1000 872 1101 939 lectio
1119 884 1182 952 est,
1194 897 1286 958 xopt-

253 957 407 1038 τισκότοις,
417 956 704 1044 praeferatur‚dum
714 956 1287 1044 tlteretamenxepambronrveram

253 1043 383 1113 canonis
397 1043 587 1109 sententiam
601 1042 695 1108 facile
708 1041 861 1122 admittit,
872 1057 1018 1130 emerget
1031 1044 1206 1109 verborum
1220 1064 1288 1107 sen·

254 1129 421 1215 susipsam
434 1128 664 1193 ordinationem
676 1129 935 1216 presbyteranam
950 1128 1013 1194 hoc
1022 1125 1159 1215 quidem
1168 1149 1287 1195 canone

255 1215 409 1302 ablegans
423 1227 518 1300 atque
531 1213 715 1279 excludens.
736 1215 854 1300 Neque
867 1214 930 1280 hoc
944 1213 1197 1281 Hammoudum
1206 1213 1287 1299 fugit

256 1302 289 1368 in
305 1303 437 1365 Dissert.
450 1301 494 1364 iii.
513 1300 628 1364 Contra
641 1297 784 1364 Blondel.
795 1321 826 1364 c.
839 1316 870 1379 9.
893 1300 999 1365 lmmo
1012 1320 1127 1386 reapse
1141 1300 1228 1365 hanc
1241 1299 1287 1385 ip·

248 1409 325 1455 sam
339 1386 469 1451 canonis
484 1386 609 1465 faciem,
623 1385 726 1473 qualis
740 1407 825 1450 nunc
839 1385 952 1452 lectori
970 1407 991 1449 a
1010 1407 1065 1451 me
1086 1386 1222 1465 sistitur,
1234 1406 1287 1451 ex·

257 1473 373 1572 pressit
394 1471 457 1536 'am
478 1472 555 1537 olim
570 1484 659 1535 vetus
676 1470 810 1537 Latinus
826 1482 939 1537 auctor
957 1470 1134 1537 Rhabanus
1156 1473 1287 1537 Maurus

256 1581 291 1625 tn
306 1496 415 1621 libelli
431 1578 490 1621 suo
506 1557 557 1621 De
573 1555 811 1642 chorepiscopis,
824 1555 917 1643 cujus
929 1557 1033 1637 verba,
1049 1579 1070 1622 a
1083 1557 1215 1624 nemine
1233 1556 1286 1622 ad·

256 1642 333 1721 huc,
355 1641 443 1728 quod
464 1643 573 1723 sciam,
595 1642 629 1707 in
649 1641 710 1706 hac
736 1663 832 1708 causa
850 1641 1001 1722 adducta,
1022 1643 1200 1729 proferam.
1241 1643 1288 1707 ue

259 1727 485 1812 Chorepiscopis
503 1738 618 1808 autem,
632 1726 747 1815 inquit,
762 1727 796 1792 in
807 1727 973 1814 Ancyram
988 1727 1115 1793 concilio
1131 1728 1182 1793 ita
1194 1727 1286 1814 scrip·

257 1824 325 1883 tum
338 1824 383 1878 est
396 1840 406 1876 .·
430 1812 679 1900 Chorepiscopis
698 1834 763 1877 non
782 1812 878 1878 licere
891 1812 1097 1913 presbyteros
1110 1827 1172 1880 aut
1184 1813 1286 1881 diseo·

256 1922 317 1966 nos
335 1898 490 1978 ordinare,
504 1899 561 1963 sed
580 1920 640 1963 nec
661 1898 864 1986 presbyteros
883 1897 1029 1979 civitatis,
1043 1899 1116 1964 sine
1130 1911 1288 1986 praecepto

257 1985 412 2082 episcopi,
431 1984 480 2048 vel
492 1983 604 2048 litteris
618 1984 652 2048 in
666 2005 773 2071 uuaqu
814 2006 855 2049 ue
869 1983 1033 2070 parochia.
1047 1985 1202 2053 'Attende
1215 1982 1287 2073 quod

257 2094 320 2149 pon
346 2068 434 2149 decit,
464 2068 694 2155 chorepiscopis,
709 2091 770 2132 non
811 2068 888 2134 icere
913 2069 1038 2154 penitus
1067 2069 1215 2140 ἀίοοοιιοο
1239 2078 1287 2137 ast

255 2155 448 2243 presbyteros
462 2154 616 2234 ordinare,
631 2153 684 2219 sed
695 2176 756 2219 ιιονι
776 2146 869 2219 aliter
888 2153 978 2219 licere
996 2154 1061 2221 nisi
1079 2178 1123 2223 ern
1138 2166 1286 2243 precepto

254 2241 392 2328 episcopi
406 2241 466 2320 sui,
481 2238 531 2305 uel
548 2238 661 2320 literis,
678 2238 711 2304 ιἰι
728 2258 918 2327 unaquaque
931 2240 1094 2325 parochio.
1141 2243 1197 2311 Sic
1211 2243 1288 2308 Rhe·

258 2329 373 2406 banus,
387 2327 444 2412 qui
459 2323 716 2412 archiepiscopus
734 2324 855 2391 saeculo
871 2346 957 2391 nono
976 2325 1041 2393 fuit
1062 2327 1288 2416 Moguntiuus,

258 2413 301 2479 ad
315 2435 348 2499 p.
366 2419 451 2478 1361.
466 2411 519 2477 ed.
535 2411 717 2476 Baluzianae
733 2409 867 2496 Operum
882 2409 971 2476 Petri
984 2411 1023 2477 de
1036 2413 1173 2480 Marcu.
1200 2417 1287 2480 Porro

258 2500 396 2564 similem
415 2499 447 2562 in
464 2495 599 2563 modum
614 2496 747 2582 triginta
759 2495 886 2563 circiter
898 2519 998 2563 annos
1011 2512 1089 2583 post
1104 2499 1288 2588 Ancyreum

259 2584 455 2648 Antiocheni
466 2583 506 2646 de
519 2581 765 2667 Chorepiscopis
776 2582 809 2646 iu
821 2583 942 2648 Conone
952 2584 995 2648 X.
1007 2583 1081 2649 haec
1094 2587 1273 2651 statuebant
1278 2608 1288 2663 ι

260 2667 368 2747 Εἰδένον
382 2673 420 2731 τοὶ
433 2674 534 2731 ἑαυτῶν
548 2668 688 2756 pirgum}
705 2669 810 2730 διοικεῖν
827 2672 878 2743 τοὶς
898 2670 1075 2750 ὑποκειμένας
1090 2676 1187 2746 αὐτοῖς
1198 2676 1290 2748 ,iuun-

261 2753 338 2833 σιόις,
355 2755 403 2817 καὶ
423 2758 455 2839 τῇ
474 2752 565 2816 risus
586 2756 722 2839 ἀρκεῖὲὶον
743 2753 857 2838 φροντίδι
879 2754 928 2818 καὶ
949 2756 1107 2842 κηδεμονίᾳ·
1131 2757 1288 2844 zaseph-h*

262 2839 426 2923 ἁναγνῶςοις
437 2842 458 2925 ις
470 2839 689 2925 νἰνιοδιοιιιο’ννς,ιξ1
704 2841 858 2925 ἔφοριιιςοὶς,
871 2839 893 2925 ’h
907 2843 941 2926 τῇ
954 2840 1045 2904 τέτοιν
1058 2845 1288 2930 ἇςκεῖθαντρννι-

262 2931 357 3011 γνιγῇ,
368 2926 437 3007 μήτε
452 2926 479 2988 δὲ
493 2922 680 3011 οτρεσὸότερον
693 2925 763 3006 μήτε
778 2923 897 2989 διάκονον
913 2930 1077 3012 χειροτονεῖν
1092 2933 1216 3016 τολμᾷν,
1229 2928 1289 3014 δίχα

262 3017 299 3074 τῦ
313 3015 384 3097 ἐντῇ
400 3010 484 3074 πόλει
499 3009 647 3088 ἐπιτκόπιι,
660 3007 676 3095 ᾗ
690 3009 841 3090 ὑπόκεινται
854 3010 935 3085 αὑτός
947 3037 978 3075 τι
991 3012 1014 3097 νζ,
1029 3017 1045 3089 ἡ
1057 3012 1159 3100 χώραν.

300 3097 410 3181 Atque
423 3097 468 3161 ita
482 3116 531 3159 res
546 3095 641 3180 plane
652 3094 872 3174 conficeretur,
884 3095 944 3160 nisi
958 3096 985 3160 si
998 3097 1042 3160 ab
1056 3112 1196 3187 utraque
1275 3120 1290 3162 e

263 3193 339 3268 iam.
353 3180 524 3280 episcopali
544 3201 640 3266 quam
664 3181 898 3267 presbyterana,
915 3181 1080 3269 objectum
1103 3199 1199 3264 esset,
1209 3111 1291 3250 hiis

265 3290 347 3366 opus
358 3263 453 3331 fnisse
464 3289 497 3330 m
510 3286 630 3330 canone
638 3265 813 3352 Ancyrano
824 3265 986 3332 mentione
993 3268 1245 3356 presbyterorum
1254 3270 1291 3335 ci·

265 3352 386 3431 astatis,
400 3365 436 3417 ut
450 3373 490 3415 ne
504 3373 523 3414 a
536 3350 772 3437 chorepiscopis
786 3351 853 3414 sine
866 3351 995 3417 licentia
1008 3353 1156 3442 episcopi
1170 3357 1289 3423 ordina·

265 3451 386 3516 rentur,
400 3459 474 3502 cum
488 3436 666 3523 presbyteri
679 3448 712 3500 et
726 3436 852 3501 diaconi
865 3437 899 3501 in
912 3459 1040 3523 genere,
1055 3452 1096 3504 ut
1113 3441 1290 3528 loquuntur,

268 3538 342 3588 ante
364 3522 606 3587 commemorati
629 3521 762 3586 fuissent
774 3545 784 3600 ;
809 3535 842 3587 et
864 3537 1027 3608 praeterea,
1050 3537 1092 3590 ut
1115 3547 1184 3592 rem
1206 3538 1291 3613 urget

227 3675 229 3681 ,
264 3608 467 3706 Beveregius
476 3607 504 3670 si
518 3628 575 3670 nec
587 3606 713 3672 vicanos
727 3607 929 3695 presbyteros
943 3610 1140 3676 constituere
1152 3623 1292 3698 poterant

268 3692 500 3779 chorepiscopi,
516 3692 619 3758 multo
634 3692 736 3778 magis
752 3693 890 3758 urbanos
905 3715 968 3758 non
981 3694 1136 3761 licuisset.
1168 3699 1291 3763 atvero

228 3839 232 3848 ‚
267 3777 442 3862 Beveregio
451 3776 591 3864 quidem,
602 3778 654 3842 cui
663 3791 789 3856 notum,
799 3778 911 3857 immo,
922 3792 959 3844 ut
967 3801 1006 3844 ex
1017 3781 1166 3866 Synodics'
1175 3783 1292 3848 suitex·

268 3876 307 3928 tu
325 3875 459 3939 constat,
475 3863 643 3948 prelatum
658 3875 707 3927 est
721 3862 800 3928 illud
815 3868 894 3927 ἀλλὰ
905 3868 960 3947 μὴν
971 3867 1038 3946 μηδὲ
1053 3887 1115 3950 pro
1129 3871 1212 3933 ἀλλὰ
1224 3869 1294 3951 μηδὲ,

265 3948 353 4037 uera,
369 3947 401 4011 ni
419 3947 522 4028 fallor,
537 3961 699 4034 utcunque
713 3951 872 4036 neglecta,
886 3949 949 4014 loci
967 3949 1065 4051 hujus
1080 3951 1292 4039 interpretatio

269 4031 358 4100 haud
372 4034 508 4099 obscura
521 4053 589 4098 esse
603 4034 766 4099 debuerat.
809 4035 922 4099 Canon
941 4036 1094 4105 nimnum
1116 4038 1174 4120 ait,
1192 4040 1293 4105 Chore·

267 4118 399 4270 piscopt‘s
411 4142 470 4183 ινοιι
486 4118 575 4183 licere
585 4119 777 4208 presbyteros
791 4131 846 4185 aut
859 4120 999 4186 diaconos
1014 4121 1177 4217 ordinare,
1185 4125 1293 4190 nedum

77 4230 205 4464 q
265 4220 339 4292 pres
357 4215 460 4293 pleros
484 4203 619 4270 civitatis
629 4231 643 4286 ,-
674 4227 748 4274 uam
769 4206 989 4296 chorepiscopi
1013 4208 1165 4278 nonnulli
1185 4211 1219 4278 in
1241 4211 1294 4277 hoc
