2678 4756
142 265 223 367 476'
276 332 280 339 .
484 278 844 349 nuuornrrours

144 451 267 518 inerint
287 450 409 519 invitati
430 453 471 516 od
490 452 627 518 mohin
648 453 827 531 mathoen,
847 450 908 518 soli
926 460 1077 538 poterunt
1099 449 1180 515 clare.

146 537 301 602 Similiter
321 539 354 603 S.
370 539 533 605 Martinus
553 540 754 605 Bracarensis
772 539 805 603 in
822 540 983 604 &mum
1000 535 1180 602 collectione

148 623 361 709 Quorundam.
398 623 525 689 Adhaec
540 625 573 688 in
587 625 644 688 illo
656 624 740 690 libro
750 626 869 710 scripto
880 623 1074 701 Bodleiano,
1087 643 1176 710 quern

145 731 323 775 memorare
349 708 432 775 solet
460 711 578 774 Bevere
604 711 663 788 'us,
688 723 852 775 exaratum
882 708 988 774 inveni
1017 713 1177 794 κληρωθῶσι

146 794 234 875 μόνοι.
276 795 387 860 Habet
416 799 527 873 κληθεὶς
660 795 725 860 cod.
754 809 820 861 158.
851 800 985 872 uon-hira!
1011 795 1092 876 μόνος
1120 793 1175 856 cod.

145 894 237 945 ³385.
280 880 400 945 Caeteri
421 881 453 945 in
476 881 606 966 vulgata
627 881 766 946 lectione
786 903 862 947 cum
886 878 959 944 lilrr'
981 878 1093 965 scripti
1114 893 1175 942 tum

148 965 226 1031 editi
249 966 452 1047 conueniunt,
478 968 595 1053 quibus
622 966 760 1031 addendi
785 979 1061 1031 commentatores
1090 979 1175 1043 sunt;

149 1054 197 1115 ioli
210 1053 237 1115 li
251 1057 369 1130 ἀπῶσεν,
380 1053 484 1140 inquit
499 1055 653 1130 Zonaras,
667 1058 680 1114 l
695 1058 743 1128 τῆς
756 1053 867 1126 πόλεως
883 1051 1044 1128 ἐπίσκοπος,
1059 1051 1107 1113 nori
1121 1056 1142 1113 oi
1154 1053 1176 1111 ir

148 1140 217 1223 crispi
238 1141 322 1222 ἱερεῖς,
337 1138 384 1200 καὶ
404 1145 493 1224 elohi
538 1137 617 1223 opion
633 1137 650 1215 ἢ
669 1139 761 1219 κώμης
781 1141 860 1226 ἶεςεὸς
880 1143 915 1213 εἷς
934 1141 1032 1222 εὐχὴν,
1053 1136 1115 1198 τότε
1136 1135 1176 1197 nol

147 1231 201 1287 τῶν
222 1224 412 1306 ἀγιασμάτων
432 1164 623 1305 psallam.
667 1224 702 1288 Si
718 1224 846 1309 vulgata
866 1245 940 1287 vera
960 1223 1119 1308 scriptura
1132 1221 1175 1299 sit,

148 1330 278 1373 necesse
293 1322 352 1386 est,
365 1322 402 1373 ut
416 1332 476 1373 vox
490 1309 634 1395 ἐπιχώριος
649 1309 761 1372 saltem
777 1309 999 1374 subaudiatur.
1036 1308 1078 1370 Et
1093 1328 1178 1391 supra

148 1408 280 1458 notante
303 1394 483 1473 Harduino,
502 1416 605 1458 revera
626 1394 784 1481 supplevit
804 1417 874 1458 eam
891 1398 1028 1459 Joonnes
1043 1391 1176 1456 Antioclr.

148 1480 233 1545 sicut
249 1481 313 1544 cod.
331 1479 421 1544 Bodl.
442 1502 575 1544 numero
595 1493 684 1556 5771.
707 1478 985 1566 designatus‚.qui
1009 1496 1126 1554 tamen,
1145 1491 1177 1542 ut

150 1565 227 1643 dixi,
249 1567 289 1629 ad
307 1568 464 1631 loannem
488 1566 636 1654 pertinet.
679 1565 789 1629 Prisco
826 1588 932 1653 uoque
951 1566 1106 1629 Versioex
1122 1563 1178 1627 Ch.

147 1652 276 1717 Justelli
301 1651 495 1716 bibliotheca
517 1651 604 1715 edita
624 1652 670 1715 ita
688 1650 793 1716 reddit
803 1590 935 1728 locum,
959 1653 1052 1736 quasi
1074 1652 1113 1713 ab
1134 1650 1177 1713 in·

149 1749 288 1822 terprete
310 1739 473 1801 inuentum
495 1751 590 1816 esset,
604 1738 653 1800 nol
675 1741 711 1811 εἰς
730 1741 919 1834 soporantis]
935 1743 948 1800 l
964 1737 1108 1821 ἐπιχώριος
1122 1732 1178 1796 lol-

148 1822 334 1900 colons-st
354 1833 457 1887 autern
478 1822 616 1887 absentes
637 1822 711 1901 sint,
726 1833 755 1886 ct
780 1823 813 1886 iro
831 1833 968 1886 metrone
987 1833 1110 1885 vocotus
1123 1819 1179 1905 fu·

149 1907 209 1972 crit
226 1908 280 1994 qui
295 1908 332 1972 de
345 1931 377 1971 eo
394 1907 456 1972 loco
475 1920 521 1973 est
536 1907 742 1994 corepiscopus
759 1908 843 1992 (sic),
858 1907 940 1973 solus
955 1908 1024 1971 dot.
1065 1907 1180 1971 Video-

150 2015 215 2080 que
233 1996 283 2057 Fr.
298 1994 467 2082 Brokesby
486 1997 518 2059 in
540 1994 626 2058 Hist.
646 1994 764 2082 Region.
782 1992 900 2058 Eccles.
917 1993 1021 2058 Prim.
1037 2015 1106 2079 cap.
1122 1991 1181 2056 xiii.

150 2101 228 2165 pag.
240 2093 310 2143 nos.
324 2078 465 2166 Anglica
479 2080 590 2169 lingua
605 2080 795 2165 conscripta,
805 2078 870 2143 'tide
885 2079 1040 2143 versionis
1055 2078 1184 2164 hujusce

152 2165 262 2229 nixum
277 2166 468 2230 vocabulum
485 2166 697 2250 χωριπίσκοπος
712 2165 848 2230 inserere
863 2165 1015 2229 voluisse.
1052 2165 1115 2228 Sed
1129 2164 1185 2226 mi·

152 2273 213 2315 nus
235 2251 328 2330 bene,
347 2273 420 2314 nam
444 2251 588 2329 inferius,
606 2251 664 2315 ubi
685 2250 793 2337 egitur
815 2250 855 2314 de
876 2249 1132 2337 chorepiscopis,
1145 2247 1186 2313 ibi

151 2336 306 2416 innuitur,
327 2336 608 2423 chorepiscopum,
631 2336 727 2400 etiam
751 2351 905 2421 presente
928 2338 1099 2421 episcopo,
1122 2349 1185 2398 tan·

151 2444 248 2508 quam
271 2422 430 2508 collegam
452 2423 533 2509 ejus,
555 2421 731 2507 προσφέρων,
754 2444 810 2485 seu
834 2426 977 2507 ἱερεργεῑν.
1017 2421 1105 2485 Cum
1119 2441 1185 2484 vero

150 2508 185 2574 in
200 2508 302 2572 aliena
316 2508 449 2572 ecclesia
468 2529 600 2593 peregre
617 2508 737 2593 agebat
751 2508 839 2571 urbis
855 2507 996 2593 cujusvis
1011 2509 1186 2592 episcopus,

152 2616 224 2656 mos
247 2594 320 2671 fuit,
344 2608 383 2658 ut
404 2616 493 2657 sacra
514 2596 617 2657 facere
643 2595 673 2656 ei
695 2595 926 2656 concederetur
946 2593 989 2655 ab
1013 2593 1116 2656 altero
1136 2614 1187 2654 an·

151 2680 262 2743 tistite.
309 2678 462 2763 Idemque
479 2678 659 2743 faciendum
671 2679 767 2776 jubet
781 2678 975 2742 Arelatensis
993 2678 1126 2743 Consilii
1140 2700 1186 2741 ca-

152 2787 219 2827 non
235 2784 317 2827 xrx.
334 2766 385 2827 De
398 2764 544 2848 episcopis
554 2764 738 2851 peregrinis,
754 2765 809 2850 qui
825 2762 856 2825 in
872 2763 978 2827 urlem
995 2763 1096 2828 solent
1112 2763 1186 2827 oeni·

153 2873 198 2927 re,
211 2849 333 2934 placuit
346 2850 391 2914 eis
405 2851 503 2913 locum
515 2850 586 2914 dari
600 2861 635 2912 ut
650 2848 792 2937 minant
823 2849 922 2914 Quod
934 2850 994 2912 diu
1007 2866 1104 2913 antea
1114 2850 1186 2913 Ani·

153 2949 244 3003 cetus
271 2936 304 2998 S.
327 2936 382 2999 Pol
406 2957 504 3021 carpo
532 2939 643 2999 Romae
671 2935 1089 3012 commorantivconeessit,
1115 2947 1187 2998 teste

155 3023 281 3086 lrenaeo
304 3043 367 3106 apu
415 3022 601 3085 Eusebium.
645 3022 758 3106 Atque
780 3022 834 3106 agi
857 3021 888 3083 in
917 3020 1025 3104 priore
1052 3020 1186 3085 Cononis

152 3107 423 3172 Neocaesariensis
448 3120 537 3193 parte
560 3107 599 3170 de
623 3106 704 3170 ruris
729 3122 853 3170 tantum
905 3106 1093 3192 resbyteris,
1121 3106 1187 3169 satis

154 3192 323 3258 ostendere
353 3191 475 3258 videtur
502 3215 574 3277 pars
604 3191 664 3255 ista
694 3193 850 3276 posterior
876 3127 916 3254 <le
940 3191 1185 3276 chorepiscopis.

152 3278 336 3363 Distinguit
351 3278 474 3356 itidem,
492 3292 529 3342 ut
543 3277 647 3341 obiter
668 3277 730 3340 hoc
752 3291 873 3353 notem,
888 3277 972 3339 inter
987 3278 1186 3361 chorepisco-

154 3385 232 3450 pum
255 3379 289 3427 et
308 3364 451 3449 quemvis
473 3363 697 3452 presbyterum
712 3376 746 3429 et
759 3363 930 3428 diaconum
949 3361 1084 3426 Consilii
1102 3359 1186 3426 ctat·

155 3449 326 3513 redonensis
341 3449 455 3512 Canon
470 3451 514 3513 Il.

199 3536 232 3597 P.
241 3541 312 3598 461.
322 3535 344 3598 l.
354 3553 384 3612 9.
407 3540 443 3606 εἰς
454 3535 536 3598 τόπον
548 3544 602 3598 τῶν
615 3533 811 3618 linostimum]
829 3537 963 3620 Propter
976 3534 1187 3620 comparatio-

154 3642 230 3683 nem
250 3620 313 3683 hoc
332 3621 405 3683 loco
424 3621 543 3683 factam
564 3619 868 3706 chorepiscoporum
890 3641 965 3683 cum
989 3622 1187 3706 septuaginta

155 3705 330 3790 discipuliS,
347 3707 480 3790 probare
501 3720 658 3768 conantur
680 3709 833 3782 Zonaras,
855 3705 1019 3782 Balsanm,
1039 3707 1187 3769 Mattha-

153 3813 257 3877 usque
276 3790 446 3870 Blastares,
461 3791 581 3855 nullam
603 3791 714 3854 iisdem
731 3792 827 3855 fuisse
847 3804 1046 3876 potestatem
1066 3791 1115 3855 vel
1132 3792 1188 3876 sig·

155 3877 263 3954 nandi,
289 3876 365 3954 sive,
390 3891 427 3939 ut
452 3899 536 3941 nunc
559 3877 734 3962 loquimur,
759 3876 971 3940 confirmandi
1001 3876 1187 3962 baptizatos,

154 3964 203 4027 vel
225 3961 350 4029 ordines
371 3985 477 4026 sacros
496 3963 692 4040 conferendi,
714 3984 753 4026 ex
776 3984 815 4025 eo
839 3961 927 4048 quod
948 3963 982 4025 in
1003 3964 1100 4027 Actis
1113 3965 1187 4046 Apo-

154 4048 303 4114 stolorum
326 4049 429 4135 capite
454 4062 568 4112 octavo
594 4049 703 4112 Petrus
727 4062 760 4111 et
782 4050 921 4114 loannes
946 4070 987 4112 ex
1009 4048 1190 4124 duodecim,

155 4135 271 4220 quibus
298 4134 360 4198 soli
388 4149 500 4221 postea
525 4134 650 4198 suffecti
678 4146 753 4197 sunt
781 4133 935 4220 episcopi,
964 4135 1191 4223 Hierosolyma

155 4221 245 4290 missi
256 4221 373 4287 fuerint
388 4222 429 4286 ab
441 4220 595 4309 apostolis
611 4219 798 4306 Samariam,
809 4233 847 4284 ut
860 4241 977 4288 manus
992 4221 1193 4310 imponerent
