2678 4756
230 313 293 399 236
501 310 775 398 anatomia
812 307 1003 376 saenis.

233 478 268 547 ia
282 480 371 561 eoeio,
387 482 491 568 majus
510 492 541 546 et
560 481 675 558 minas,
690 491 725 544 ut
740 480 875 545 alterum
885 489 1036 566 praeesset
1048 477 1125 560 diei,
1139 477 1282 544 alterum

231 592 326 672 nocti,
342 591 417 656 solis
435 605 468 657 et
488 592 573 699 lunae
583 616 594 673 3
618 605 798 678 ceteraque
817 591 923 656 sidera
942 591 1053 679 posuit
1072 590 1107 656 in
1126 591 1227 670 coelo,
1244 602 1280 655 at

232 700 371 768 lucerent
384 717 474 787 super
489 714 617 782 terram,
632 715 666 766 et
678 702 893 767 discernerent
913 716 1061 790 tempora
1073 714 1108 768 et
1127 724 1232 768 annos
1246 713 1279 766 et

232 833 360 879 menses
374 825 407 876 et
422 811 489 876 dies
505 824 539 876 et
553 812 648 877 horas
664 833 721 898 per
736 812 901 877 stationes.

274 923 375 987 Nune
396 922 478 986 ratio
497 922 636 987 veritatis
657 921 848 1002 ostenditur,
868 944 967 1010 quare
986 922 1054 988 dies
1077 944 1160 989 1111.
1179 933 1301 990 tetrass

232 1046 436 1119 nuncupatur
453 1033 529 1117 (for.
544 1032 781 1121 nuncupetur);
799 1054 896 1120 quare
912 1052 1014 1120 usque
1030 1033 1072 1098 ad
1087 1033 1202 1098 horam
1219 1056 1276 1098 no-

232 1161 307 1206 nam
317 1139 503 1230 jejunamus
521 1142 594 1226 (for.
605 1142 820 1230 jejunemus),
833 1164 936 1229 usque
951 1142 1025 1226 (for.
1039 1153 1097 1207 aut
1107 1145 1224 1230 usque)
1237 1141 1276 1207 ad

229 1271 406 1336 vesperam,
429 1264 486 1316 aut
511 1252 727 1340 superpositio
753 1274 856 1341 usque
881 1252 914 1316 in
939 1251 1078 1317 alterum
1094 1251 1188 1318 'diem
1214 1252 1274 1317 fiat.

228 1359 377 1424 Mundus
396 1361 506 1447 itaque
530 1360 590 1425 iste
611 1383 650 1424 ex
674 1375 814 1447 quatuor
836 1361 1004 1426 elementis
1026 1375 1168 1443 constat,
1189 1363 1276 1450 igne,

229 1471 538 1558 aqua,coe10,terra.
563 1473 646 1535 Haec
659 1472 759 1558 igitur
769 1488 909 1559 quatuor
918 1472 1081 1538 elementa
1091 1486 1274 1560 temporum
1286 1496 1314 1546 ιο

232 1579 307 1665 (for.
323 1580 451 1645 delend.
468 1593 666 1667 temporum,
684 1580 834 1662 Walter.)
860 1581 1018 1646 tetradem
1040 1582 1177 1647 faciunt.
1223 1583 1276 1648 Sol

231 1710 363 1777 quoque
374 1701 407 1753 et
417 1689 495 1754 luna
506 1711 562 1776 per
568 1690 646 1779 'anni
658 1690 797 1775 spatium
811 1703 952 1777 quatuor
962 1703 1112 1778 tempora
1122 1691 1275 1773 efficiunt,

230 1798 323 1877 veris,
338 1799 470 1880 aestatis,
486 1801 645 1879 autumni,
660 1799 808 1888 hyemis;
823 1813 857 1863 et
871 1799 941 1865 haec
956 1814 1105 1888 tempora
1118 1803 1274 1869 tetradem
1319 1848 1323 1855 .

229 1906 365 1975 faciunt.
409 1911 452 1974 Et
473 1922 512 1975 ut
532 1931 573 1974 ex
593 1932 631 1974 ea
649 1931 684 1974 re
703 1909 833 1996 longius
848 1931 1097 1991 enarrem,·eooe
1111 1911 1274 2001 bquatuor

230 2021 381 2089 animalia
400 2033 475 2086 ante
494 2023 649 2087 thronum
672 2023 749 2102 Dei,
765 2035 912 2108 quatuor·
925 2023 1102 2109 evangelis,
1116 2034 1274 2112 cquatuor
1281 2051 1305 2103 1⁵

165 2158 177 2173 ‘
229 2131 364 2199 flumina
377 2132 411 2198 in
426 2131 574 2218 paradiso
586 2130 729 2209 fluentia,
742 2143 881 2218 quatuor
894 2132 1120 2217 generationes
1134 2134 1271 2220 populo·
1321 2172 1325 2179 ι

229 2263 315 2320 rum,
331 2243 373 2305 ab
388 2241 498 2306 Adam
512 2262 616 2327 usque
634 2240 675 2305 ad
694 2242 782 2320 Noe,
797 2263 817 2304 a
828 2242 905 2305 Noe
918 2262 1024 2328 usque
1038 2239 1080 2306 ad
1094 2240 1271 2321 Abraham,

229 2350 272 2417 ab
283 2350 450 2415 Abraham
466 2370 570 2438 usque
583 2349 624 2414 ad
637 2350 805 2436 Moysem,
820 2371 840 2412 a
854 2350 976 2436 Moyse
990 2369 1092 2436 usque
1106 2348 1149 2414 ad
1164 2349 1272 2415 Chris·

228 2471 300 2529 tum
313 2461 507 2539 Dominum,
524 2458 640 2525 Filium
656 2460 743 2538 Dei3
761 2471 794 2523 et
811 2457 978 2546 dquatuor
991 2458 1155 2538 animalia,
1172 2457 1272 2525 homi·

228 2567 290 2647 nis,
314 2569 416 2649 vituli,
437 2569 552 2647 leonis,
575 2568 692 2655 aquilae
705 2595 716 2651 3
741 2581 775 2633 et
798 2580 961 2655 equatuor
987 2568 1133 2648 flumina,
1158 2569 1306 2657 Fyson,so

229 2677 337 2756 Geon,
348 2679 479 2765 Tygris,
491 2677 683 2764 Euphrates.
705 2679 818 2742 Homo
831 2676 981 2743 Christus
989 2679 1083 2742 Jesus
1095 2688 1211 2742 auctor
1221 2699 1271 2742 eo·

229 2810 315 2867 rum,
331 2812 404 2876 quae
418 2811 513 2875 supra
535 2790 795 2867 memoravimus,
810 2789 934 2855 tetrade
948 2790 990 2853 ab
1005 2789 1114 2875 impiis
1128 2810 1270 2875 compred
1298 2868 1300 2879 Ι

230 2896 350 2967 hensus
372 2911 431 2962 est.
478 2901 592 2986 Itaque
614 2900 658 2964 ob
680 2900 900 2984 captivitatem
924 2899 995 2987 ejus
1019 2899 1178 2964 tetradem
1203 2899 1269 2985 (iot.

230 3007 354 3075 tetrade
367 3011 412 3087 et)
425 3008 469 3072 ob
481 3008 682 3093 majestatem
696 3029 832 3093 operum
843 3030 988 3086 suorum,
998 3022 1032 3073 et
1044 3010 1117 3094 (for.
1127 3010 1179 3092 ut)
1193 3021 1270 3074 tem·

229 3137 310 3206 pora
324 3117 533 3182 humanitatis
550 3117 624 3202 (for.
639 3117 844 3202 humanitati)
861 3118 1012 3200 salubria,
1024 3119 1176 3206 frugibus
1190 3119 1304 3196 letam

229 3227 477 3313 tempestatibus
494 3227 677 3314 tranquilla,
690 3227 871 3307 decurrant,
887 3228 961 3294 ideo
976 3242 1033 3296 sut
1050 3229 1126 3313 (for.
1144 3226 1271 3304 addend.

230 3337 415 3417 stationem,
425 3338 500 3421 aut)
518 3335 808 3424 superpositionem
825 3337 975 3404 facimus.
1302 3417 1305 3423 Ι

234 3491 237 3495 -
274 3448 340 3511 Die
354 3447 473 3534 'quinto
496 3459 581 3511 terra
604 3459 640 3511 et
662 3468 747 3533 aqua
767 3447 866 3511 foetus
889 3469 965 3512 suos
987 3445 1171 3514 ediderunt.
1212 3444 1271 3512 Dis

231 3568 323 3631 sexto
336 3568 444 3621 creata
458 3568 543 3635 sunt,
560 3579 633 3642 quae
649 3556 800 3635 deerant;
823 3578 861 3621 ao
874 3556 920 3621 sio
941 3557 1033 3621 Deus
1051 3556 1222 3622 hominem
1235 3554 1272 3621 do'

231 3666 334 3732 humo
352 3665 513 3744 instruxit,
533 3665 702 3730 dominum
720 3667 866 3731 omnium
887 3687 1099 3754 rerumquae
1119 3667 1162 3751 (l.
1183 3664 1310 3754 quamsi)

231 3795 329 3862 super
343 3785 461 3840 terram
474 3787 508 3840 et
521 3797 616 3862 super
629 3798 745 3863 aquarn
761 3776 888 3843 creavit.
921 3778 1010 3842 Prius
1021 3789 1131 3842 tamen
1144 3773 1274 3862 angelos

231 3897 331 3974 atque
345 3885 557 3973 archangelos
571 3886 699 3965 creavit,
710 3907 809 3972 quam
823 3886 990 3952 hominem
1007 3886 1109 3966 finxit,
1123 3881 1277 3972 spiritalis

232 3996 365 4063 terrenis
377 4010 587 4086 anteponens.
633 3995 723 4062 Prius
736 3996 822 4066 enim
835 3997 903 4078 lux,
920 4019 1019 4084 quam
1033 3995 1157 4063 coelmn
1169 4009 1205 4066 et
1214 4007 1277 4061 ter·

263 4226 445 4295 *Apouinm
532 4230 711 4280 ‘Gsmihlm
797 4229 979 4294 *Apoaimn
1066 4230 1255 4285 ‘Gemihlk
