2678 4756
222 309 266 394 3⁶
550 300 922 376 'tuuomrrouss

225 475 345 540 sionem
371 476 403 541 in
426 475 642 542 Novatianum
669 477 763 564 plane
784 480 832 544 exi
860 502 934 544 uam
958 487 1081 560 notant,
1102 500 1167 544 non
1189 500 1269 544 scre

224 561 407 625 schismatis
418 562 628 626 confirmandi
643 563 796 629 studium.
876 579 923 628 rte
937 579 1068 629 mortuo
1077 565 1147 650 jam
1163 564 1269 628 Fabio

224 645 267 711 de
284 647 578 712 Novatianistarum
600 648 648 712 his
669 651 811 715 motibus
827 650 1014 714 Cornelium
1029 649 1267 714 certiorem-fe·

224 730 270 796 cit
292 732 482 820 Dionysius,
498 755 601 833 neque
624 732 749 799 constat
769 735 940 800 concilium
958 734 1198 799 Antiochenum
1210 734 1265 797 in·

224 815 347 882 dictum
364 818 462 882 fuisse
485 820 584 883 Fabio
602 820 683 898 vivo,
698 821 769 899 etsi,
789 821 877 906 quod
901 821 1006 883 minus
1025 820 1123 884 etiam
1142 818 1267 904 probs·

223 902 289 967 bile
310 916 369 981 est,
389 904 501 967 asserit
518 905 664 969 Valesius
687 904 724 968 ad
748 907 803 969 lib.
817 905 869 968 vii.
885 927 913 969 c.
925 921 955 968 5.
971 903 1160 970 Eusebium
1175 903 1268 967 Hist.

226 987 358 1051 Fabium
380 1009 500 1074 congre
526 1004 580 1053 ato
599 990 737 1054 concilio
757 991 970 1055 Novatianam
991 991 1182 1054 sententiam
1197 1002 1267 1052 sta·

223 1072 315 1137 bilire
330 1087 481 1138 conatum
497 1011 613 1151 helsen
630 1074 693 1139 hoc
707 1076 792 1139 enim
809 1076 915 1160 ipsum
930 1074 1103 1138 concilium
1118 1073 1161 1137 sd
1173 1072 1267 1172 quod

221 1157 373 1223 invitatus
396 1173 465 1223 erat
490 1160 530 1223 ab
553 1159 711 1246 episcopis
736 1159 914 1245 Dionysius
937 1172 1049 1223 contra
1071 1158 1266 1225 Novatrani·

223 1256 344 1322 santes,
364 1257 401 1309 ut
422 1243 485 1308 veri
506 1244 641 1309 similius
664 1245 800 1323 videtur,
821 1245 977 1309 indictum
998 1242 1057 1308 estL
1096 1243 1266 1307 Caeterum

222 1341 298 1414 post
316 1329 409 1391 verba
425 1328 457 1391 in
472 1343 624 1393 contextu
642 1330 687 1393 ha
706 1332 732 1392 tt
751 1336 833 1415 γνῷς,
854 1328 1147 1413 interpungendum
1167 1328 1267 1407 foret,

223 1412 307 1476 etta
322 1434 360 1476 ac
374 1413 468 1476 verba
482 1416 647 1499 sequentia
662 1415 799 1500 pendere
814 1414 876 1478 illis
892 1417 971 1476 εἰπεῖν
983 1413 1120 1495 dodum
1134 1412 1266 1478 dixeris.

267 1499 301 1560 P.
314 1515 344 1575 9.
362 1497 383 1560 l.
396 1513 426 1561 5.
448 1498 605 1578 θαυμάσιος
621 1497 695 1584 ἔτος]
713 1499 911 1562 Novatianus
925 1498 1058 1576 scilicet,
1069 1514 1169 1584 quem
1180 1519 1267 1583 rago

215 1582 412 1668 ‘pronomine
442 1581 610 1668 designare
639 1584 810 1648 Cornelius
838 1605 898 1670 pro
926 1605 1017 1646 more
1044 1583 1121 1647 satis
1153 1581 1267 1646 habet.

224 1666 448 1730 Cousraur.

267 1750 350 1815 Ibid.
367 1751 388 1815 l.
401 1765 431 1816 8.
455 1751 588 1832 Μάξιμος
602 1751 804 1840 spudium]
821 1755 872 1818 De
887 1753 950 1817 hoc
966 1752 1113 1817 Maximo
1127 1748 1267 1839 pttesb’y-

221 1848 304 1914 ter0,
334 1837 468 1900 Urbano
494 1849 528 1899 et
553 1836 686 1900 Sidonio
711 1839 960 1915 confessoribus,
985 1837 1123 1923 qualiter
1149 1835 1268 1900 relicto
1296 1890 1300 1899 ,

220 1921 403 1987 Novatiano
423 1921 464 1985 ad
483 1920 650 1984 ecclesiam
666 1921 857 1986 catholicam
875 1922 990 1986 reversi
1005 1922 1079 1999 sint,
1096 1921 1170 1996 vide
1186 1922 1267 2007 Epi·

220 2005 337 2071 stolam
355 2006 498 2070 Cornelii
512 2007 604 2091 Papae
622 2006 662 2070 ad
683 2007 895 2094 Cyprianum.
935 2009 1031 2094 (Quae
1045 2028 1143 2091 supra
1158 2007 1269 2092 positu
1302 2082 1305 2087 ξ

220 2096 293 2172 est.)
326 2092 399 2155 Fuit
413 2090 511 2155 etiam
527 2091 641 2155 eodem
658 2103 804 2177 tempore
818 2091 899 2156 alter
914 2091 1079 2156 Maximus
1093 2092 1268 2178 presbyter

218 2176 362 2241 ecclesiae
378 2178 471 2239 Rom.
484 2197 580 2262 quem
595 2177 793 2241 Novatianus
805 2175 948 2262 legatum
967 2176 998 2238 in
1012 2176 1158 2241 Africam
1175 2175 1267 2240 misit

219 2259 260 2324 ad
279 2260 477 2347 Cyprianum
496 2281 558 2322 una
577 2281 652 2322 cum
672 2260 825 2324 Machaeo
842 2275 875 2326 ct
892 2261 981 2325 aliis:
1004 2258 1061 2324 sed
1078 2260 1267 2346 Cyprianus

218 2366 275 2408 eos
290 2366 309 2407 a
323 2343 551 2407 communione
567 2365 625 2407 sua
639 2345 784 2408 removit.
812 2346 924 2408 Postea
939 2343 1136 2409 schismatici
1153 2345 1266 2409 Maxi·

219 2450 310 2493 mum
330 2427 416 2492 hunc
438 2428 624 2513 episcopum
642 2428 673 2490 in
688 2429 799 2493 Africa
813 2431 930 2508 fecere,
946 2443 982 2492 ut
1001 2428 1099 2493 docet
1120 2429 1265 2516 Cypria·

20 2547 22 2553 ν
130 2566 133 2571 ,
220 2536 280 2578 nus
295 2514 327 2576 in
343 2513 488 2597 Epistola
502 2513 542 2575 ad
559 2513 760 2577 Cornelium.
784 2515 992 2578 Vauasrus.
1037 2515 1091 2577 De
1112 2513 1164 2577 his
1184 2535 1267 2579 con·

219 2598 394 2662 sessoribus
409 2597 479 2661 vide
495 2597 648 2695 Cypriani
666 2596 827 2681 Epistulas
840 2611 891 2672 27.
905 2611 955 2660 54.
970 2598 1023 2661 ed.
1041 2599 1149 2662 Oxou.
1174 2599 1265 2662 Pam.

217 2697 267 2748 23.
280 2698 330 2745 51.
352 2695 385 2745 et
406 2682 549 2746 Cornelu
568 2681 608 2746 ad
626 2681 824 2769 Cyprianum
840 2695 891 2760 49.
905 2683 957 2745 ed.
974 2683 1082 2746 Oxou.
1104 2683 1197 2747 Pam.
1214 2689 1266 2747 46.

182 2858 186 2864 ’
219 2769 450 2915 Βῆῖίῗίἶιῖᾓο.
472 2852 630 2938 Kapsa]
653 2851 738 2915 Cum
762 2849 956 2936 Cyprianus,
979 2849 1107 2934 quoties
1130 2806 1266 2914 eorum-

218 2935 294 2999 dem
309 2935 529 2999 conlessorum
546 2936 742 2999 mentionem
759 2936 846 3010 facit,
861 2935 980 3018 ubique
996 2935 1183 2998 Macarium
1202 2935 1266 2999 Ce-

217 3020 310 3084 lerini
333 3018 429 3166 huyus
451 3019 525 3082 loco
548 3031 715 3097 memoret,
737 3018 898 3082 existimat
918 3018 1147 3082 Tillemo‘ntius
1173 3041 1268 3084 eum·

217 3103 291 3168 dem
308 3125 369 3167 con
384 3125 525 3167 essorem
542 3102 675 3188 duplici,
691 3103 826 3166 Macarii
842 3102 963 3165 scilicet
978 3124 1015 3164 ac
1031 3101 1189 3181 Celerini,
1206 3126 1268 3168 no·

218 3189 304 3254 mine
318 3187 494 3252 donatum:
519 3187 680 3273 simulque
702 3201 811 3249 monet
828 3187 913 3249 hunc
928 3186 1027 3248 alium
1044 3207 1115 3248 esse
1131 3209 1151 3250 a
1167 3187 1267 3252 Cele-

216 3275 287 3339 rino
319 3273 584 3358 Carthaginensis
610 3271 755 3337 ecclesiae
782 3271 902 3334 lectore
927 3269 1045 3355 saepius
1075 3271 1165 3356 apud
1195 3273 1268 3361 Cy·
1296 3346 1298 3351 ¹

216 3360 364 3445 priauum
374 3356 620 3435 commendato.
645 3355 868 3418 Cousraur.

261 3442 345 3505 ibid.
360 3442 383 3504 l.
400 3456 446 3504 12.
469 3441 621 3525 διενέγκας]
636 3438 763 3511 διανύσας
778 3438 829 3500 ed.
847 3439 884 3498 R·
898 3435 1011 3520 Steph.
1029 3437 1086 3509 sed
1101 3440 1135 3503 in
1148 3441 1270 3507 codice

217 3525 380 3591 Medicaeo
401 3524 551 3594 scribitur
571 3523 731 3607 διενέγκαςι
758 3519 843 3605 apud
865 3521 1046 3666 Georpium
1069 3525 1270 3610 Syncellum

216 3609 369 3696 διενεγκών.
416 3608 479 3672 Sed
501 3607 690 3671 Mazarinus
709 3604 811 3669 codex
833 3602 958 3687 adstipu
973 3618 1047 3668 atur
1070 3609 1270 3690 Medicae03

215 3697 295 3762 item
311 3692 508 3758 Fuketianus
519 3705 553 3755 et
566 3690 752 3756 Savilianus.
767 3689 974 3752 Vaassrus.
997 3689 1141 3756 Addidit
1156 3693 1273 3760 Chris-

162 3774 165 3782 ’
217 3779 302 3867 toph.
317 3781 420 3843 Lectt.
437 3775 611 3854 Strothius,
628 3772 759 3837 codicem
773 3769 913 3854 Norfclc.
929 3792 1003 3855 ego.

261 3865 345 3929 Ibld.
363 3864 386 3927 l.
405 3864 453 3925 16.
484 3861 530 3923 real
553 3856 752 3939 ψευδολογίας]
778 3854 826 3916 καὶ
847 3857 898 3926 τὰς
919 3857 954 3928 ψ.
977 3855 1055 3919 MS.
1068 3857 1187 3925 ··St1vt'l.
1211 3885 1278 3930 seu

214 3949 309 4018 Bodl.
326 3964 360 4013 et
377 3944 532 4031 Georgius
548 3939 688 4030 Syncell.
709 3939 764 4024 qui
785 3938 854 4000 haec
874 3937 907 4000 in
927 3936 1194 4026 Chrortogropltio
1212 3971 1277 4014 sua

248 4034 335 4101 tulit.
743 4063 746 4067 ‚
1252 4053 1256 4081 ι

213 4053 247 4105 at
257 4119 342 4186 Ibid.
363 4119 413 4196 τὴν
423 4111 632 4194 ἀκοινωνησίαν]
644 4109 695 4170 Ita
705 4105 795 4192 loqui
806 4104 930 4166 videtur
941 4103 1279 4200 Cornelius-propter

210 4205 409 4300 peculiarem
428 4195 605 4264 Novatiaui
624 4190 822 4276 opinionem,
843 4206 941 4272 quam
962 4189 1126 4258 Eusebius
1146 4197 1215 4264 tib.
1232 4202 1278 4267 rit
