2678 4756
231 277 294 347 208
651 279 840 347 PIERIUS.

224 443 383 523 publicavit
397 443 437 504 H.
449 444 627 509 Dodwellus.
667 447 708 506 Iit
719 448 840 507 Photius
856 446 929 506 cod.
941 448 1007 509 119.
1027 450 1176 527 Πιμφίλοο
1189 473 1221 509 τι
1235 452 1269 509 τῦ

222 548 345 628 μάρτυρος
358 548 489 624 dometis
503 564 585 625 φασιν
601 558 649 611 'eds
663 557 861 617 laxamento
881 550 1011 625 γυίσθιν
1022 550 1201 629 assentitus,
1222 552 1268 612 eal

223 648 286 712 κατ’
299 651 492 736 Ἀλεξάνδρων
513 653 668 727 iyivaodas
689 654 880 738 oemlrvrspioo.
907 654 1088 715 FABRICIUS.
1130 655 1179 715 De
1194 657 1267 714 istac

224 774 294 814 vero
307 755 394 814 Pierii
416 756 585 835 prefectum
605 759 737 816 dubitare
758 779 788 817 se
808 760 959 839 profitetur
975 759 1011 818 cl.
1025 760 1203 828 Lardnerus,
1222 763 1267 818 De

223 858 292 917 Pide
302 861 376 917 sust.
391 860 498 935 Evang.
514 861 547 919 Ρ.
562 861 697 922 11.1ib.i‚
712 865 793 921 cot.
809 873 961 943 propterea
979 866 1056 940 quod
1067 865 1172 923 sileant
1182 866 1218 922 de
1232 885 1266 922 ea

223 960 366 1023 Eusebius
381 976 411 1022 et
421 965 627 1044 Hieronymus.
659 969 761 1026 Eidem
776 971 837 1026 viro
852 968 887 1027 cl.
902 971 1011 1026 incerta
1024 990 1138 1048 quoqne
1151 970 1265 1027 videtur

223 1064 323 1125 I'hotii
341 1071 479 1136 narratio,
494 1090 561 1127 mox
576 1090 593 1126 a
607 1091 653 1127 me
670 1072 823 1140 afferenda,
838 1093 894 1149 qua
911 1073 1016 1129 dicitnr
1034 1073 1158 1140 Pierius,
1179 1090 1262 1149 quem

222 1172 337 1248 quidem
360 1172 554 1251 Hieronymus
577 1174 678 1233 Roma
699 1178 805 1234 siccam
831 1185 953 1233 mortem
977 1174 1086 1234 obiisse
1107 1177 1264 1254 significet,

222 1278 389 1353 martyrium
402 1296 534 1334 unacum
547 1278 660 1336 Isidoro
671 1279 760 1337 fratrc
770 1280 891 1338 subiisse
902 1299 965 1338 suo.
986 1280 1055 1339 Vid.
1070 1289 1101 1338 et
1114 1280 1150 1339 de
1164 1282 1262 1339 haere

222 1378 389 1438 'lillemont
414 1382 445 1437 in
465 1383 551 1440 Mem.
573 1384 648 1440 Eccl.
670 1384 705 1439 ad
730 1384 823 1461 ipsum
845 1383 930 1441 finem
953 1383 1009 1442 vol.
1024 1385 1061 1442 iv.
1112 1383 1147 1441 In
1173 1383 1262 1442 literis

221 1485 338 1559 quidem
355 1483 490 1562 Dionysii
509 1485 697 1544 Alexandrini
719 1488 754 1544 nd
771 1487 893 1545 Fabium
912 1487 1048 1566 scriptum
1069 1496 1152 1545 extat
1170 1488 1262 1546 Isido-

208 1585 286 1647 ¹rum
299 1588 440 1665 quendam
454 1589 625 1667 AEgyptium
640 1591 669 1647 in
685 1592 837 1647 vexatione
851 1590 982 1648 Deciana
996 1610 1049 1669 pro
1064 1591 1184 1649 Christo
1197 1610 1261 1670 pas·

223 1708 285 1749 sum
300 1710 379 1763 esse3
396 1702 491 1749 utrum
502 1711 569 1749 vero
582 1690 667 1771 hujus
679 1693 766 1750 Pierii
782 1695 805 1750 is
816 1693 905 1751 frater
915 1692 1012 1761 fuerit,
1024 1713 1126 1761 necne,
1137 1695 1259 1770 ignor05

197 1790 310 1864 scerte,
324 1797 348 1853 si
362 1816 406 1854 res
420 1797 462 1854 ita
474 1795 603 1865 haberet,
618 1799 719 1855 eodem
733 1797 819 1855 simul
832 1806 962 1876 tempore
975 1797 1078 1855 fratres
1092 1799 1261 1875 martyrium

220 1898 298 1971 haud
317 1901 393 1979 passi
409 1909 486 1969 sunt,
501 1921 566 1959 cum
584 1901 695 1959 Pierius
710 1901 853 1980 Dionysio
867 1910 1009 1981 superstes
1024 1900 1122 1960 fuerit.
1165 1903 1261 1978 Atque

162 2068 166 2076 ¹
193 1994 195 1999 ¹
220 2003 283 2063 heri
296 2014 403 2084 potest,
416 2014 448 2062 ut
458 2000 597 2084 'templum
607 2006 679 2064 illud
688 2008 858 2083 domusque,
871 2007 930 2080 (hie
944 2016 1021 2074 sunt,
1032 2007 1061 2062 ni
1076 2004 1174 2073 fallor,
1190 2006 1259 2062 aeder

219 2127 308 2167 sacres
321 2112 415 2169 minus
429 2110 563 2190 amplam)
573 2130 637 2188 quse
651 2110 748 2169 Plerio
763 2119 849 2187 atque
864 2104 977 2167 Isidoro
989 2119 1159 2169 constructa
1171 2110 1259 2167 fuisse

220 2222 318 2275 narrat
331 2214 464 2284 Photius,
481 2216 546 2274 Cod.
562 2215 628 2273 118.
649 2216 679 2272 in
693 2213 770 2272 illius
785 2215 899 2291 quidem
914 2213 1016 2272 Isidori
1032 2215 1201 2271 memoriam
1213 2232 1259 2271 sa-

221 2326 300 2376 crata
312 2319 430 2388 fuerint,
445 2321 475 2377 in
490 2318 562 2378 alius
577 2329 673 2378 autem
683 2319 830 2399 cujusdam
842 2318 929 2397 Pierii
942 2319 1083 2379 honorem
1094 2328 1201 2387 erecta,
1211 2319 1260 2394 qui

221 2433 329 2499 martyr
355 2433 439 2481 esset.
490 2422 651 2481 Ecclesiam
677 2400 791 2500 quidem
819 2420 1001 2479 Alexandria
1028 2421 1170 2488 extitisse,
1197 2439 1259 2496 qua

210 2514 308 2582 'Pierii
323 2535 353 2582 et
372 2526 535 2604 Serapionis
552 2526 716 2584 nominibus
739 2526 897 2590 dicabatur,
919 2535 1060 2581 memorat
1077 2523 1257 2602 Epiphanius

221 2629 325 2690 Heres.
341 2629 410 2687 lxix.
425 2629 461 2688 ab
476 2629 645 2691 Hoeschelio
659 2630 694 2688 ad
709 2629 807 2687 Photii
820 2629 917 2685 locum
935 2628 1084 2686 indicatus.
1127 2627 1260 2705 Serapio·

220 2734 266 2791 nis
282 2743 377 2790 autem
400 2735 532 2811 martyris
552 2735 729 2792 mentionem
749 2734 820 2791 facit
831 2732 989 2808 Dionysius
1010 2733 1040 2788 in
1061 2730 1185 2810 epistola
1196 2730 1259 2808 jam

219 2834 344 2895 laudata.
368 2837 574 2896 Verumtamen
594 2856 694 2895 omnes
716 2838 849 2896 eeclesias
870 2836 1079 2894 Alexandrinas
1101 2836 1259 2911 martyrum

219 2940 384 2998 nominibus
408 2941 564 3020 appellatas
589 2943 688 3009 fuisse,
708 2942 844 3020 prohibet
865 2960 918 2997 nos
937 2941 1051 2997 credere
1071 2940 1172 2996 eodem
1192 2938 1259 2994 loco

219 3043 410 3124 Epiphanius,
426 3048 474 3122 qui
489 3046 622 3105 ecclesias
637 3046 772 3124 Dionysii
787 3056 816 3102 et
829 3045 958 3103 Theonze
972 3045 1184 3132 episcoporum,
1198 3060 1259 3099 non

218 3162 386 3228 martyrum,
408 3152 483 3208 inter
504 3151 573 3209 alias
596 3153 748 3210 recensuit.
798 3151 900 3227 Itaque
920 3149 1080 3229 nuncupari
1101 3148 1189 3205 Pierii
1211 3165 1259 3204 ec·

218 3254 304 3313 clesia
318 3265 427 3335 posset,
447 3256 501 3314 etsi
522 3255 570 3314 ille
591 3265 699 3333 martyr
712 3275 772 3313 non
785 3255 883 3324 fuerit,
899 3263 937 3321 et,
953 3244 1136 3329 Hieronymo
1149 3252 1178 3308 id
1191 3270 1259 3308 nar·

217 3370 310 3428 rante,
325 3362 529 3440 persecutioni,
544 3361 606 3418 haec
620 3371 664 3418 est
677 3360 779 3418 ultima
792 3359 851 3429 illa,
865 3358 1062 3437 supervixerit.

256 3464 330 3521 ‘Ex
348 3465 393 3522 his
415 3464 496 3522 fuere
517 3465 667 3522 duodecim
689 3464 755 3522 libri
773 3465 862 3522 Pierii
881 3462 1032 3540 dequibus
1047 3461 1170 3518 Photius
1185 3460 1259 3518 Cod.

220 3566 286 3626 119.
308 3566 452 3625 Palladius
466 3569 497 3625 in
511 3567 653 3626 Lausiaca
667 3589 693 3628 c.
707 3571 753 3626 12.
767 3578 864 3625 narrat
875 3568 1062 3624 Ammonium
1076 3566 1161 3644 plura
1170 3574 1259 3643 potu-

216 3668 273 3725 isse
286 3670 451 3727 memoriter
465 3671 585 3729 recitare
598 3691 633 3729 ex
649 3673 761 3750 scriptis
773 3672 918 3748 Origenis,
930 3670 1059 3748 Didymi,
1072 3669 1216 3750 Stephani
1227 3687 1261 3726 ac

210 3770 312 3830 Pierii.
353 3772 533 3833 Fssnrcrus.
977 3841 979 3845 ,

255 3871 390 3936 ‘'Euseb.
409 3877 470 3937 ἄλλ’
483 3885 495 3938 ὅ
508 3880 553 3953 μὶν
568 3878 649 3960 ἄκρως
663 3878 788 3957 circipanis
808 3881 856 3957 βίῳ
875 3878 922 3938 καὶ
937 3876 1083 3954 μαθήμασι
1104 3860 1261 3954 macione

145 3970 148 3979 ¹
215 3976 376 4058 hdoxlpefo.
416 3980 595 4041 Fannrcrus.
871 4047 875 4054 Ι
939 3961 943 4010 s

256 4093 269 4123 ⁶
283 4084 478 4163 Decennalem
492 4085 570 4144 illam
582 4105 600 4143 a
610 4085 796 4144 Diocletiano
810 4087 963 4165 inceptam.

256 4188 266 4230 f
278 4191 383 4254 Scribit
397 4195 426 4256 S.
441 4193 637 4274 Hieronymus
651 4195 682 4254 ln
695 4193 813 4255 Praerat.
827 4195 914 4256 Osee.
939 4194 1026 4255 Pierii
1037 4193 1092 4269 legi
1106 4197 1262 4267 trmtntm
