2678 4756
318 313 919 416 constituunturque
1097 314 1139 402 s9

83 476 180 576 -pieti
192 486 285 554 variis
297 486 418 576 linguis
431 487 543 553 Deum
557 467 795 563 benedicerent,
807 483 1016 550 nihilominus
1025 496 1139 561 ,tamen

96 597 230 691 beatum
244 597 429 686 apostolum
449 598 579 664 Petrum
595 595 692 662 divini
708 595 858 683 praecepti
873 607 971 683 atque
983 592 1141 682 euangelii

78 788 79 793 ἵ
96 726 276 772 memorem
293 705 485 795 precepisse
500 720 538 773 ut
555 706 796 793 baptizarentur
814 705 910 770 iidem
929 704 977 771 illi
996 705 1052 793 qui
1068 704 1140 793 jam

96 815 226 881 fuerant
240 828 353 881 sancto
367 815 482 902 spiritu
495 816 594 903 pleni,
607 829 644 880 ut
659 815 738 880 nihil
752 814 1001 902 praetermissum
1017 813 1140 879 videre·

66 934 153 994 etur
168 948 234 1013 quo
250 926 356 992 minus
376 948 435 1013 per
454 927 563 990 omnia
582 925 677 990 divini
697 924 849 1024 praecepti
867 938 964 1023 atque
984 923 1142 1010 evangelii

97 1035 206 1122 legem
228 1037 406 1123 apostolica
426 1037 614 1124 magisteria
634 1046 804 1100 servarent.
856 1031 1059 1120 Baptismum
1081 1055 1141 1098 au·

98 1157 167 1210 tem
187 1168 252 1210 non
275 1164 425 1233 essequo
444 1145 586 1211 haeretici
604 1157 750 1222 utuntur,
766 1157 825 1207 nec
840 1163 1036 1229 quemquam
1053 1141 1141 1229 apud

97 1273 156 1317 eos
180 1253 238 1341 qui
261 1253 395 1319 Christo
420 1253 627 1319 adversantur
651 1274 709 1339 per
732 1253 871 1339 gratiam
895 1251 1018 1316 Christi
1043 1271 1141 1337 posse

96 1362 252 1449 proficere
271 1362 443 1450 diligenter
462 1385 565 1450 nuper
583 1383 772 1450 expressum·
790 1361 891 1426 estin
912 1359 1049 1447 epistola
1067 1371 1143 1447 quse

44 1470 140 1536 toad
154 1472 314 1560 Quintum
330 1473 492 1559 collegam
508 1485 653 1537 nostrum
669 1471 702 1536 in
717 1470 915 1536 Mauritania
928 1469 1141 1536 constitutum

98 1602 196 1668 super
210 1603 249 1647 ea
261 1603 296 1647 re
310 1581 429 1669 scripta
442 1595 503 1662 est,
518 1582 598 1646 item
613 1581 647 1645 in
661 1580 775 1644 litteris
790 1601 871 1666 quas
886 1579 1024 1666 collegae
1040 1576 1142 1644 nostri

98 1691 140 1756 ad
164 1691 376 1779 coepiscopos
399 1693 433 1757 in
458 1690 617 1757 Numidia
640 1690 848 1776 praesidentes
872 1701 947 1754 ante
972 1688 1141 1771 fecerunt}
1253 1692 1256 1696 ’

97 1801 193 1887 cujus
213 1802 380 1888 utriusque
402 1801 547 1888 epistolae
569 1799 715 1886 exempla
734 1798 904 1864 subdimus
925 1799 990 1863 hic.
1033 1796 1142 1865 Addi-

96 1931 172 1974 mus
195 1911 289 1996 plane
312 1922 344 1973 et
366 1909 586 1996 adjungimus,
608 1910 706 1972 frater
730 1907 904 1987 carissime,
926 1927 1084 1972 consensu
1107 1918 1142 1973 et

44 2019 289 2085 '15auctoritate
304 2018 484 2097 communi,
500 2032 537 2083 ut
551 2019 648 2082 etiam
670 2017 696 2081 si
717 2017 774 2104 qui
792 2016 973 2103 presbyteri
993 2029 1050 2080 aut
1071 2015 1142 2081 dia·

96 2128 185 2207 coni,
201 2129 257 2215 qui
271 2128 320 2192 vel
335 2130 366 2193 in
383 2128 518 2192 ecclesia
532 2128 691 2193 catholica
709 2128 795 2212 prius
811 2125 948 2191 ordinati
962 2125 1092 2206 fuerint,
1108 2137 1142 2191 et

94 2238 308 2324 postmodum
327 2237 440 2324 perfidi
461 2259 498 2302 ac
522 2237 654 2302 rebelles
669 2239 782 2301 'contra
795 2236 964 2300 ecclesiam
980 2235 1140 2316 steterint,

95 2346 147 2412 vel
167 2347 255 2433 apud
275 2348 444 2412 hereticos
464 2369 483 2411 a
503 2346 790 2433 pseudoepiscopis
804 2358 838 2409 et
851 2344 1046 2410 antichristis
1061 2366 1141 2410 cortb

95 2467 149 2520 tra
171 2443 295 2523 Christi
315 2454 561 2543 dispositionem
582 2455 748 2542 prophana
773 2454 974 2519 ordinatione
999 2453 1143 2539 promoti

42 2564 174 2644 mint,
189 2578 224 2631 et
243 2576 356 2630 contra
374 2565 474 2630 altare
494 2586 594 2629 unum
616 2576 712 2651 atque
732 2563 874 2627 divinum
896 2562 1049 2627 sacrificia
1062 2561 1143 2633 foris

95 2675 181 2740 false
199 2696 238 2739 ac
260 2674 416 2761 sacrilega
431 2674 543 2740 offerre
558 2674 666 2737 conati
682 2672 755 2751 sint,
770 2693 826 2735 eos
841 2692 971 2758 quoque
986 2669 1046 2736 hac
1061 2692 1141 2735 con-

95 2783 221 2849 ditione
243 2784 363 2870 suscipi
382 2805 460 2849 cum
472 2796 681 2848 revertuntur
696 2796 734 2846 ut
748 2782 991 2847 communicent
1006 2780 1091 2861 laici,
1105 2793 1141 2846 et

84 2893 177 2961 satis
190 2886 330 2958 habeant
345 2893 434 2980 quod
450 2893 667 2960 admittuntur
680 2889 722 2956 ad
741 2912 855 2978 pacem
876 2890 932 2976 qui
951 2889 1061 2960 hostes
1080 2909 1140 2976 pu·-

84 3002 144 3067 ·cis
158 3003 332 3082 extiterint,
346 3024 405 3067 nec
420 3003 538 3066 debere
554 3023 609 3065 eos
624 3013 817 3065 revertentes
839 3021 878 3063 ea
898 2999 984 3085 apud
1005 3021 1075 3067 nos.
1086 3020 1141 3064 on·

37 3132 82 3184 25
94 3112 271 3178 dinationis
285 3125 318 3177 et
335 3112 466 3177 honoris
486 3133 576 3176 arma
595 3111 729 3174 retinere
745 3109 863 3196 quibus
879 3123 993 3174 contra
1009 3129 1068 3172 nos
1089 3129 1141 3178 re·

96 3222 296 3288 bellaverint.
340 3224 479 3309 Oportet
493 3222 580 3286 enim
596 3221 777 3286 sacerdotes
792 3219 826 3284 et
841 3220 1005 3284 ministros
1019 3219 1075 3306 qui
1090 3218 1140 3284 al-

94 3332 157 3396 tari
173 3345 214 3397 'et
238 3333 399 3397 sacrificiis
424 3333 605 3396 deserviunt
626 3333 771 3419 integros
793 3345 891 3418 atque
913 3327 1140 3397 immaculatos

94 3462 179 3520 esse,
195 3465 272 3506 cum
294 3441 457 3505 Dominus
479 3442 569 3505 Deus
592 3442 624 3504 in
646 3439 790 3505 Levitico
810 3439 962 3526 loquatur
975 3439 1009 3506 et
1028 3439 1138 3509 dicate

93 3551 219 3615 ⁸Homo
242 3551 275 3615 in
296 3572 356 3637 quo
367 3549 476 3636 fuerit
497 3549 622 3614 macula
639 3561 669 3612 et
689 3550 801 3613 vitium
816 3571 877 3613 aon
892 3548 1141 3634 accedetfferre

40 3673 83 3724 30
94 3660 177 3725 dona
192 3662 271 3725 Deo.
318 3662 401 3724 Item
417 3660 450 3723 in
464 3658 579 3722 Exodo
594 3658 664 3722 haec
678 3657 791 3723 eadem
805 3657 972 3744 praecipiat
985 3669 1018 3723 et
1032 3658 1138 3725 dicat:

93 3771 160 3835 tEt
174 3771 346 3836 sacerdotes
362 3771 416 3858 qui
432 3771 579 3835 accedunt
593 3770 635 3835 ad
646 3771 816 3834 Dominum
827 3773 932 3835 Deum
944 3771 1138 3858 sensificen-

94 3893 159 3960 tur,
175 3904 213 3946 ne
223 3880 317 3968 forte
336 3881 531 3968 derelinquat
550 3880 622 3946 illos
639 3881 804 3946 Dominus.
847 3884 890 3946 Et
903 3882 1041 3948 iterum:
1063 3883 1139 3948 uEt

93 4013 165 4056 cum
181 3991 328 4056 accedunt
348 3990 529 4056 ministrare
549 3991 592 4055 od
611 3990 714 4055 altare
733 3991 845 4072 sancti,
861 4013 922 4056 non
937 3991 1091 4056 adducent
1105 3991 1139 4077 ia

136 4228 148 4255 ⁸
164 4219 240 4268 Levit.
251 4221 304 4272 xxi.
315 4231 356 4270 21.
484 4220 493 4252 ⁸
512 4221 590 4270 Exod.
600 4222 652 4269 xix.
665 4230 707 4271 ss.
836 4224 848 4252 ¹²
865 4220 942 4270 Exod.
953 4216 1038 4269 xxviii.
1050 4229 1091 4271 ta.
