2678 4756
305 248 638 336 suberanus
662 264 895 351 Maurus,
1055 272 1119 358 aa,
1190 223 1193 226 Α

72 433 220 506 leviores.
265 437 449 506 Hac-enim
464 440 520 506 illa
532 441 639 507 verba·
646 434 821 522 declarant,
836 440 902 505 Dic
916 439 1042 506 vudum
1054 440 1119 506 ali·

73 548 285 636 qraod'contr‘n
307 549 432 631 Deum,
445 552 522 631 sive,
546 549 668 616 benedic
686 551 820 616 Domino
843 563 875 616 et
895 574 1023 630 maroe,
1043 573 1118 639 pro,

72 661 168 748 Roga
190 663 314 742 Deum,
335 662 401 741 vel,
419 682 548 749 precare
573 661 698 740 Deum,
719 673 757 725 ut
779 675 884 727 morte
905 662 1023 749 longos
1043 662 1118 729 illos

71 791 276 857 magnosque
298 769 426 835 dolores
447 769 588 856 mitiget.
631 770 698 857 Qui
719 768 765 835 ait
784 771 825 835 ad
845 763 945 849 illam,
960 771 1024 836 fUt
1040 770 1120 858 quid

41 892 225 969 uunquam
236 905 301 947 una
315 883 352 947 de
366 880 474 947 stultis
485 878 666 949 mulieribus
678 881 780 945 locutu
793 883 850 945 es?
874 883 988 968 Itaque
1002 902 1115 946 amen·

70 990 151 1056 tiam
170 991 243 1080 ejus
265 1005 406 1072 accusat,
429 1005 463 1056 et
489 992 592 1057 levem
619 1011 801 1056 sermonem
825 990 998 1056 mulierum
1024 989 1114 1055 simi·

67 1098 147 1181 lem,
170 1122 236 1165 non
257 1101 458 1189 impietatem
479 1111 536 1166 a'ut
558 1097 674 1166 scelus.
719 1100 856 1186 Ignoras
877 1099 975 1179 enim,
997 1097 1116 1184 inquit,

69 1205 101 1271 0
120 1206 250 1288 mulier,
267 1209 459 1295 gravitatem
480 1208 644 1289 dolorum,
661 1208 847 1295 gratiasque
870 1228 950 1294 quas
971 1227 1030 1294 pro
1053 1205 1113 1270 do·

67 1306 191 1384 loribus
204 1342 281 1408 ago,
297 1321 454 1410 majorem
476 1320 557 1386 mihi
578 1307 771 1385 mercedem
784 1310 953 1385 conciliare
968 1308 1011 1382 et'·
1021 1339 1111 1404 quae-

20 1421 148 1508 torere.
198 1429 305 1496 Amisi
326 1445 482 1511 armenta,
506 1431 614 1508 boves,
636 1429 796 1517 jumenta,
818 1449 982 1494 servorum
1009 1449 1048 1492 ac
1072 1426 1112 1492 li·

66 1536 230 1604 berorum
243 1522 495 1620 multitudinem,
510 1528 589 1604 nihil
601 1526 710 1604 tamen
724 1560 850 1618 eorum,
865 1560 941 1603 cum
955 1537 988 1601 in
1003 1537 1111 1602 lucem

65 1646 213 1733 prolatus
234 1671 319 1729 sum,
336 1649 417 1714 mihi
438 1648 647 1736 suppetebat:
671 1648 727 1713 sed
749 1646 804 1735 qui
827 1669 880 1712 me
902 1642 1019 1726 effecit,
1033 1667 1112 1728 usu·¹

65 1776 203 1842 tamque
217 1757 290 1822 vitae
312 1759 394 1822 mihi
413 1759 551 1846 largitus
567 1771 629 1837 est,
643 1759 670 1823 is
690 1770 725 1823 et
743 1759 831 1823 bona
848 1768 882 1822 et
901 1757 1020 1838 omnia,
1037 1774 1110 1843 quse

65 1862 109 1928 ad
123 1864 220 1931 vitam
233 1868 395 1952 pertinent
408 1867 514 1933 dedit:
528 1880 562 1933 et
576 1889 662 1933 nunc
673 1866 730 1954 qui
741 1866 842 1947 dedit,
853 1866 950 1932 etiam
965 1865 1111 1931 abstulit.

19 1972 257 2054 tsAbsurdum
266 1989 314 2043 est
324 1990 434 2043 autem
443 1977 533 2043 danti
542 1977 673 2065 quidem
683 1975 805 2063 gratias
812 1973 1111 2062 agere,detrabenti

64 2095 176 2149 autem
191 2064 390 2167 succensere,
403 2099 437 2151 et
451 2098 589 2152 mortem
603 2085 716 2171 timide
726 2078 910 2175 'ig'iiaveque
925 2096 1053 2174 optare:
1075 2095 1109 2149 et

63 2191 191 2258 divitiis
198 2195 350 2282 aceeptis,
364 2217 402 2261 ac
417 2196 610 2275 valetudine,
626 2195 730 2260 laetari
743 2214 817 2260 cum
832 2197 1010 2282 voluptate,
1026 2211 1109 2281 pau·

61 2314 223 2388 pertatem
232 2318 342 2368 autem
354 2317 388 2370 et
398 2306 551 2370 morbum
564 2305 725 2391 ignaviam
739 2304 775 2389 (f.
784 2327 859 2370 cum
872 2292 1011 2391 ignavia)
1024 2304 1112 2369 exis·'

62 2410 190 2475 timare.
220 2414 338 2500 Neque
352 2415 438 2478 enim
454 2428 600 2480 nostrum
614 2428 674 2495 est,
689 2438 780 2495 uxor,
795 2415 836 2481 ad
850 2437 888 2479 ea
898 2437 971 2503 quae
986 2415 1106 2480 suavis-

17 2520 148 2590 resima
158 2534 233 2587 sunt
244 2545 387 2590 currere:
404 2527 542 2612 graviter
555 2538 664 2591 autem
675 2527 814 2606 labores,
826 2525 1002 2612 acerbeque
1012 2525 1105 2591 ferre.

61 2630 195 2703 Debent
211 2633 296 2697 enim
311 2633 346 2715 ii,
361 2635 418 2721 qui
433 2635 483 2698 sui
497 2649 688 2722 potestatem
708 2658 773 2700 non
788 2636 921 2716 habent,
933 2635 989 2699 sed
1001 2635 1107 2699 aDeo

61 2740 296 2826 gubernantur,
316 2744 398 2807 ferre
418 2745 555 2824 fortiter,
575 2767 648 2832 quae
669 2745 726 2810 dat
746 2745 851 2825 Deus,
870 2744 1105 2832 qualiacunque

58 2851 161 2915 etiam
183 2853 246 2917 sint
267 2874 306 2918 ea
326 2877 400 2940 quae
415 2854 574 2922 incidunt.
618 2853 712 2919 Nihil
729 2855 815 2918 enim
831 2856 899 2919 sine
915 2854 985 2941 ejus
1000 2856 1107 2941 provi·

59 2958 183 3039 dentia,
211 2972 268 3045 aut
292 2961 370 3025 boni
396 2961 490 3026 nobis
515 2961 668 3047 suppetit,
692 2978 749 3027 aut
774 2963 851 3027 mali
874 2963 966 3028 nobis
988 2965 1104 3043 evenit,

10 3085 140 3138 tecum
158 3068 226 3155 ipse
246 3069 357 3134 omnia
373 3070 422 3135 vel
442 3071 573 3134 decreto
594 3093 654 3135 suo
677 3070 725 3135 vel
744 3071 914 3157 permissu,
932 3085 1050 3137 nostrae
1070 3072 1104 3135 in

57 3198 96 3242 se
120 3176 285 3244 charitatis
309 3179 561 3265 comprobandae
585 3200 682 3244 causa
703 3179 812 3245 faciat.
856 3181 980 3244 Moneo
1003 3179 1104 3264 igitur

56 3298 105 3364 te,
119 3286 151 3349 Ο
165 3307 257 3365 uror,
271 3278 488 3374 ne‘ejusmodi
505 3287 585 3351 mihi
607 3288 663 3352 des
685 3291 867 3369 consilium,
887 3289 975 3377 quod
995 3290 1103 3354 immi·

55 3416 160 3459 nuere
174 3395 395 3461 fortitudinem
412 3418 517 3461 meam
531 3409 652 3483 potest,
669 3397 725 3462 sed
739 3399 773 3462 id
788 3400 908 3485 potius,
924 3397 1012 3484 quod
1024 3420 1102 3484 pos·

55 3505 101 3570 sit
116 3527 236 3591 augere
250 3506 399 3571 virtutem
417 3528 542 3586 meam,
562 3520 659 3593 atque
674 3509 856 3572 constantia
872 3509 906 3601 in
926 3508 1102 3576 subeundis

10 3614 237 3694 solaboribus,
260 3616 477 3701 patientiaque
501 3615 534 3680 in
558 3617 758 3703 perferendis
784 3618 877 3682 malis
904 3632 937 3683 et
965 3618 1101 3699 morbis,

51 3735 292 3811 praeceptorem
312 3747 367 3788 me
385 3724 603 3810 spectantibus
625 3726 743 3811 agendi
761 3726 883 3813 gratias
901 3726 1045 3807 reddere,
1064 3741 1101 3792 ut

52 3846 89 3898 et
109 3854 187 3897 cum
208 3833 387 3921 locupletes
407 3856 530 3912 sumus,
550 3845 582 3897 et
602 3856 677 3898 cum
698 3835 852 3915 valemus,
867 3836 942 3900 Deo
960 3817 1116 3923 gloriam

52 3944 259 4021 tribuamusr
281 3959 410 4010 etcum
432 3967 588 4032 pauperes
609 3967 732 4025 sumus,
746 3959 780 4012 et
794 3969 868 4013 cum
891 3960 1100 4033 aegrotamus,
1166 4036 1169 4051 Ι

493 4175 503 4212 f
518 4182 573 4232 lob.
586 4184 610 4230 ii.
626 4194 663 4234 ιο.

584 4287 605 4333 Η
