2678 4756
384 282 438 349 m
460 279 689 351 concrum
715 266 950 351 caumas.
1126 301 1185 372 ιρι

142 448 279 542 quidem
292 480 295 485 ·
308 452 706 542 Constantinopolitanum
734 475 857 520 canone
886 466 917 530 7.
941 453 1002 520 hac
1032 476 1072 519 ex
1098 468 1191 555 parte

143 539 276 605 Arianis
287 539 427 626 gratiam
442 539 531 620 fecit,
547 561 608 603 nec
624 562 688 604 non
703 540 959 619 Macedonianis,
975 540 1191 621 sabbatianis,

143 625 350 704 Novatianis,
373 625 677 712 Quartadecimanis
694 638 728 688 et
740 625 1002 712 Apollinaristis3
1025 640 1063 691 ut
1078 626 1192 702 Chrisf

123 723 235 775 ,mate
252 710 359 775 solum
379 708 526 775 adhibito
547 709 580 775 in
603 710 771 779 ecclesiam
792 711 1057 776 admitterentur:
1080 711 1136 775 sed
1150 734 1192 781 ex

143 794 293 874 adverso,
307 797 350 860 ab
365 795 403 859 iis
419 793 597 877 decretum,
609 795 699 902 quod
713 797 946 876 Eunomianos,
959 797 1192 876 Montanistas,

145 880 360 960 sabellianos,
385 882 393 902 “
413 885 464 955 τοὶς
478 879 572 955 ἄλλοις
583 907 685 956 οτασας
700 879 827 966 αἱρέσεις,
843 882 958 956 στάντας
977 882 1028 957 τὲς
1044 883 1087 945 ὑπ’
1101 886 1192 958 αὐτῶν

144 962 282 1041 θέλοντας
295 909 478 1052 upsaliam
493 972 526 1050 τῇ
542 966 695 1053 ὀρθοδοξίρ,
713 969 749 1040 ὥς
768 965 884 1043 tanqua,
902 967 1056 1052 δεχόμεθα,
1080 966 1126 1049 καὶ
1143 971 1192 1047 τὴν

145 1048 264 1155 σρῶτην
285 1049 388 1138 ἡμέραν
404 1056 527 1133 volipes
542 1050 628 1125 αόσὲς
639 1050 799 1137 χριςιανὲς,
813 1057 861 1131 τὴν
876 1054 904 1115 δὲ
918 1053 1043 1138 δευτέραν
1058 1079 1192 1139 κατηχυ·

146 1161 254 1218 μονους,
264 1136 319 1199 eles
329 1142 364 1223 τῇ
375 1137 453 1223 τρίτῃ
468 1136 640 1222 ἐξορκίζομεν
653 1138 703 1218 μὲν
717 1136 815 1216 αὖτίς,
828 1142 902 1218 μετὰ
913 1144 950 1200 σέ
962 1141 1087 1224 ἐμφοσᾴν
1100 1139 1193 1226 τρίτον

146 1224 185 1295 τίς
199 1223 232 1284 το
246 1222 409 1308 argrimus,
428 1223 450 1307 a}
465 1227 501 1296 εἰς
514 1227 553 1284 τοὶ
567 1218 639 1285 dra.
653 1223 675 1308 sl,
692 1219 761 1296 ἶίτιος
775 1229 941 1308 κατηχέρκν
954 1222 1051 1301 aistis,
1067 1225 1088 1309 οὲ
1102 1229 1194 1286 croti·

146 1330 198 1388 μιν
214 1306 352 1392 χρονίζειν
368 1311 404 1381 εἰς
417 1311 465 1385 τὴν
480 1306 643 1385 ἐκκλησίαν,
664 1309 850 1394 ιὲᾶικροᾶθαι
868 1317 923 1372 τῶν
942 1317 1067 1393 γραφῶν,
1087 1309 1109 1395 'l
1130 1308 1197 1383 τότ(

147 1389 429 1475 «adamatam.
473 1394 595 1456 Utrum
610 1415 649 1455 ex
664 1393 808 1478 paritatis
823 1393 957 1472 ratione,
973 1394 1029 1479 qui
1038 1417 1103 1458 non
1115 1415 1193 1480 gra·

147 1474 219 1541 vius
231 1491 377 1541 errarunt
388 1477 528 1556 Arianis,
544 1476 800 1558 Macedonianis,
816 1477 1010 1564 reliquisque
1024 1500 1193 1545 enumera·

146 1560 192 1630 tis
206 1561 378 1640 haereticis,
391 1563 524 1626 canonis
539 1561 637 1648 hujus
651 1563 768 1628 virtute
779 1585 837 1650 per
849 1564 998 1628 Chrisma
1012 1564 1045 1628 in
1060 1565 1192 1629 ecclesi·

147 1666 203 1709 am
218 1647 284 1712 sint
298 1647 500 1726 admittendi,
520 1670 586 1711 non
604 1649 807 1714 obstantibus
822 1650 925 1713 verbis
939 1649 1001 1713 illis
1013 1651 1193 1736 generatim
1302 1694 1305 1699 .

145 1733 286 1818 perstrin
312 1733 440 1797 entibus
455 1737 506 1807 τὰς
520 1731 613 1807 ἄλλας
627 1734 731 1808 πάσας
745 1734 871 1819 αἱρέσεις,
891 1733 1024 1799 minime
1038 1736 1171 1801 dixerim
1180 1758 1192 1811 ,ο

147 1830 237 1883 certe
249 1754 422 1882 Balsamon
441 1818 474 1881 in
494 1819 618 1897 locum,
633 1819 770 1884 credidit
783 1819 823 1901 ὅτι
839 1820 947 1894 πάντες
961 1826 986 1883 οἱ
999 1820 1196 1903 βαπτιζόμενον

148 1906 186 1977 τίς
208 1902 277 1984 μίαν
304 1903 463 1981 κατάδυσιν,
487 1904 580 1968 πάλιν
605 1907 799 1986 βαπτίζονται.
834 1908 1031 1992 Quanquam
1059 1928 1124 1970 non
1148 1906 1196 1971 ita

148 1987 258 2053 multo
276 2001 362 2073 post,
379 1989 559 2074 Gregorius
573 1990 624 2053 M.
638 1991 756 2053 trinam
772 1991 964 2054 mersionem
980 2013 1020 2054 ex
1035 1991 1198 2077 Hispania

147 2073 350 2160 proscripsit,
367 2072 477 2138 dicens
494 2074 550 2139 lib.
562 2095 588 2137 1.
604 2074 708 2161 Epist.
719 2089 769 2138 41.
785 2075 918 2138 bledam
930 2075 1195 2161 qaodfocieha'at,

137 2157 276 2245 faciunt
285 2186 299 2237 ,0
320 2170 460 2224 nostram
480 2182 512 2224 se
532 2183 647 2224 morem
668 2160 776 2224 vicisse
794 2160 980 2248 glorientur.
1024 2164 1108 2248 Quae
1123 2161 1196 2249 ejus

149 2244 321 2323 sententia,
337 2266 356 2307 a
369 2256 485 2342 quarta
497 2246 653 2310 Toletana
667 2249 688 2310 S
714 2246 801 2310 nodo
812 2246 1002 2311 confirmata
1014 2260 1092 2311 erat.
1123 2248 1196 2312 Ubi

149 2328 331 2409 decretum,
347 2327 502 2414 Samplum
517 2341 674 2395 teneamus
688 2270 832 2416 daptismi
847 2332 1040 2398 mersionem.
1075 2335 1194 2417 Agno·
1253 2346 1255 2351 ’

150 2436 210 2479 sco
223 2437 356 2500 gravem
375 2429 408 2480 et
430 2414 616 2479 diuturnam
634 2417 675 2480 de
690 2417 915 2482 haereticorum
939 2418 1101 2501 baptismo
1116 2439 1196 2489 con÷

150 2500 351 2578 woremiam,
366 2499 507 2586 egregiis
520 2502 566 2566 D.
579 2502 758 2587 Augustini
773 2503 900 2588 scriptis
915 2502 1051 2567 feliciter
1061 2503 1194 2573 tandem

150 2583 326 2671 aliquando
348 2586 538 2666 discussam,
560 2599 604 2665 et,
626 2602 664 2652 ut
686 2587 756 2675 ejus
778 2589 875 2653 verbo
897 2601 978 2667 utar,
1001 2587 1196 2675 eliquatam

150 2671 247 2758 cujus
264 2670 389 2735 invictis
409 2672 588 2736 rationibus
609 2672 716 2751 cessit,
736 2695 802 2757 qua
820 2685 909 2759 patet
925 2673 1128 2739 Christianus
1143 2697 1199 2741 or·

149 2755 222 2833 bis;
241 2769 277 2820 et
296 2779 395 2820 unam
418 2756 512 2820 fidem
536 2757 649 2821 saltem
669 2758 710 2821 de
731 2759 892 2843 baptismo
913 2758 1038 2839 habuit,
1055 2759 1145 2846 quod
1161 2772 1196 2826 et

151 2840 287 2906 unicum
301 2841 434 2927 agnovit
447 2864 584 2927 semper,
600 2843 704 2906 donec
716 2842 778 2907 hoc
793 2857 903 2908 nostro
918 2845 1028 2910 seculo
1042 2846 1195 2932 Anabap·
1256 2854 1260 2859 '

151 2925 303 2991 tistarum
322 2929 467 3004 lurores3
492 2950 555 2991 non
574 2928 782 2993 ecclesiarum
797 2928 910 3007 mod0,
932 2929 1102 2996 sedetiam
1118 2953 1194 3017 gra·

151 3012 284 3076 vissimo
298 3013 610 3098 rerumpublicarum
626 3013 745 3077 damno
757 3015 1000 3079 recruduerunt.
1028 3018 1199 3092 Promtum

152 3110 205 3161 est
219 3097 335 3177 dicere,
356 3097 490 3162 Canone
506 3112 535 3162 8.
553 3097 692 3163 Consilii
707 3099 836 3163 Nicaeni
851 3100 1016 3165 decretum
1029 3126 1037 3178 3
1060 3103 1128 3186 ampl
1141 3111 1198 3165 τῶν
1254 3146 1263 3157 ,

152 3184 338 3265 ίνομαζίντοον
351 3185 402 3265 μὲν
416 3182 502 3258 αὐτὰς
516 3182 645 3268 καθαρός
659 3208 746 3260 mora,
764 3185 999 3269 προσερχομένων
1013 3188 1040 3248 δὲ
1056 3193 1089 3272 τῇ
1104 3193 1194 3249 καθο-

152 3271 220 3354 Mai
230 3268 252 3354 a}
262 3272 415 3353 ἂτοςολικῇ
425 3268 563 3354 ἐκκλησίᾳ
571 3268 624 3341 δίς-ο
633 3269 878 3355 χειροθετυμένους
887 3269 983 3347 arietis,
989 3270 1076 3352 μένειν
1086 3269 1156 3346 ilem
1167 3276 1198 3336 ἐν

152 3359 195 3438 τῷ
209 3354 314 3440 κλήρῳ.
357 3354 524 3418 Nimirum
536 3368 573 3418 ut
583 3354 756 3419 Novatiani
777 3377 841 3419 non
862 3367 987 3419 tantum
1005 3377 1065 3440 pro
1081 3356 1197 3421 Chris·

152 3438 263 3517 tinnis,
285 3439 342 3502 sed
361 3439 471 3517 etiam,
490 3439 517 3502 si
531 3438 571 3502 ad
586 3439 708 3504 clerum
725 3440 867 3519 admissi,
883 3462 942 3526 pro
956 3441 1081 3505 clericis
1096 3442 1198 3509 habe·

151 3535 261 3591 antur.
304 3525 494 3589 Novatianis
514 3524 644 3610 quidem
660 3547 700 3590 eo
714 3525 873 3611 promtior
887 3527 988 3605 venia,
1004 3527 1090 3613 quia,
1104 3541 1142 3593 ut
1153 3528 1199 3595 ait

152 3609 343 3688 Balsamou,
366 3611 433 3695 ampl
446 3615 494 3688 τὴν
508 3609 591 3682 cris-rr
604 3615 642 3693 μὴ
658 3611 856 3694 σφαλλόμενοι,
878 3613 946 3675 ἀλλ’
966 3615 1002 3686 tis
1021 3617 1201 3696 ἀσυμπαθεῖς

152 3694 392 3780 κατακρινίρκιοι.
417 3695 480 3759 Sed
492 3696 517 3759 si
530 3696 770 3780 perpendantur
785 3719 857 3782 quae
872 3698 1049 3763 canonibus
1060 3715 1210 3785 sequen'·‚

152 3778 254 3856 tibus,
269 3779 338 3843 scil.
350 3802 440 3854 nono
454 3794 487 3844 et
496 3780 625 3845 decimo
640 3781 811 3860 habentur,
827 3782 897 3846 scil.
913 3783 1002 3868 quod
1013 3784 1198 3869 graviorum

152 3864 326 3929 criminum
342 3866 399 3944 rei,
415 3865 582 3929 autetiam
598 3865 690 3977 lapsi,
705 3866 731 3930 si
747 3866 787 3931 ad
802 3889 909 3931 sacros
923 3867 1050 3933 ordines
1064 3891 1199 3955 promo·

151 3949 220 4015 veri
234 3951 414 4035 contingat,
428 3949 527 4026 τέτους
541 3957 554 4013 ὁ
566 3978 653 4015 κανων
666 3955 683 4013 ἐ
698 3952 862 4035 προσίεται,
876 3967 911 4017 et
921 3953 1080 4038 γνωσθέντες
1089 3961 1198 4023 nabat.-

150 4040 277 4134 ροῦνται,
302 4036 519 4122 suspicabitur
537 4036 597 4101 hos
612 4051 676 4102 tres
690 4058 841 4117 canones,
861 4061 927 4102 non
945 4037 1200 4118 deadmissione

150 4142 190 4185 rn
202 4121 375 4185 ecclesiam
387 4120 568 4208 quidquam
580 4137 740 4202 statuere3
763 4124 819 4187 sed
834 4123 874 4188 de
887 4124 992 4208 gradu
1005 4124 1199 4190 ecclesiasti·

152 4226 198 4273 co
218 4219 392 4294 suscepto,
414 4222 471 4275 aut
493 4208 674 4291 retinendo,
696 4223 753 4275 aut
773 4209 952 4277 amittendo
973 4209 1201 4297 praescriberet
