2678 4756
322 298 542 372 cunct-1„
566 301 837 373 enuntias.
859 305 942 375 VII.
1106 324 1152 396 ps

101 638 104 646 ·
149 593 521 679 cnnmnmurmtsn
542 594 783 678 conemini
802 614 882 678 sna·
901 615 1119 677 cumano

368 919 410 959 Ex
428 919 542 959 TRIBUS
562 919 684 959 AFRICAE
705 918 897 970 PROVINCIIS,

277 1024 411 1122 'ouon
424 1058 477 1114 nn
495 1055 685 1114 nnnnsno
702 1043 879 1114 rnnnnn
894 1056 971 1126 ass,
992 1030 995 1035 ’

70 1228 104 1278 3-
202 1223 367 1281 ,sunctum
385 1224 465 1270 eosr
486 1221 659 1268 cumsruu
679 1221 799 1267 narum
818 1207 878 1266 256
897 1221 1066 1289 namnum,
1140 1273 1145 1281 ,

175 1378 192 1393 “’
211 1370 385 1438 Sententia
397 1371 621 1457 Episcoporttm
640 1369 871 1436 txxxv11.de
887 1370 1060 1436 Haretisis
1135 1394 1139 1403 ·

49 1485 58 1521 ‘
469 1500 494 1505 ’“
519 1486 743 1574 Bapliamsdis.

107 1715 110 1719 .
155 1657 245 1725 Cum
266 1658 300 1726 in
320 1682 421 1727 unum
446 1658 638 1746 Carthagini
659 1660 881 1725 convenissent
899 1659 1054 1726 Kalendis
1075 1661 1157 1756 Sep·

104 1768 257 1845 ‘tembris
270 1769 414 1859 episcopi
439 1768 572 1856 plurimi
596 1790 636 1833 ex
659 1769 821 1856 provincia
842 1770 967 1850 Africa,
987 1770 1157 1866 Numidis,

65 1877 323 1959 loMauritanis,
337 1902 413 1946 cum
435 1878 630 1967 presbyteris
651 1890 689 1943 et·
706 1878 908 1961 diaconibus,
929 1894 1086 1968 presente
1107 1893 1158 1975 et·

52 2034 67 2072 5
110 1989 180 2056 iam·
191 1990 296 2077 plebis
319 1991 460 2056 maxima
478 2001 582 2083 parte,
598 1978 631 2054 e't
646 1989 739 2055 lectae
754 2003 863 2056 essent
875 1990 992 2056 littera
1005 1992 1026 2057 J
1028 1989 1158 2085 ubaiani

110 2097 155 2164 ad
179 2098 381 2190 Cyprianum
405 2100 511 2181 factae,
537 2102 615 2167 item
642 2101 797 2190 Cypriani
822 2101 863 2168 ad
886 2102 1082 2170 Jubaianum
1104 2125 1157 2199 nu-

103 2208 252 2296 scripta,
277 2209 318 2275 de
346 2209 505 2276 haereticis
533 2211 745 2298 baptizandis,
772 2211 915 2300 quidque
944 2211 1156 2299 postmodum

104 2318 279 2407 ,cypriano
302 2320 481 2386 Jubaianus
506 2318 595 2385 idem
620 2320 827 2408 rescripserit,
850 2320 1034 2410 Cyprianus
1056 2320 1156 2415 dixit:

43 2429 271 2510 resedistis,
286 2431 422 2518 collegae
444 2430 655 2511 dilectissimi,
678 2431 756 2519 quid
778 2431 858 2497 mihi
879 2431 1058 2498 Jubaianus
1079 2438 1157 2507 coii-

45 2596 53 2628 r
107 2537 266 2627 pisccpus
291 2552 399 2607 noster
423 2539 584 2626 scripserit
605 2541 776 2605 consulens
798 2541 1065 2607 mediocritatem
1080 2529 1160 2625 nos?

36 2641 42 2653 ”
109 2661 196 2714 tram
221 2647 263 2713 de
287 2648 402 2715 illicito
426 2661 460 2713 et
483 2647 653 2734 prophano
679 2648 904 2714 baereticorum
926 2649 1101 2736 baptismo,
1119 2663 1158 2742 ‚et

104 2755 192 2847 quid
205 2778 270 2845 ego
287 2758 317 2823 ei
336 2757 563 2844 rescripserim,
579 2779 714 2822 censens
725 2758 860 2839 scilicet,
876 2758 964 2846 quod
985 2758 1156 2852 semel-at,-

99 2889 176 2954 ,que
200 2867 319 2935 iterum
342 2881 377 2934 et
401 2890 488 2955 saepe
511 2870 707 2946 censuimus,
730 2869 899 2936 haereticos
921 2871 963 2936 ad
986 2871 1154 2963 ecclesiam

56 2954 272 3043 ao'venientes
290 2978 434 3061 ecclesiae
454 2978 617 3064 baptismo
631 2979 790 3066 baptizari
804 2992 838 3045 et
853 2975 1042 3047 sanctificari
1056 2996 1155 3072 opot-

55 3140 87 3177 ·..·
106 3097 190 3151 tere.
234 3087 320 3153 Item
337 3087 431 3154 lectae
445 3099 521 3153 sunt
535 3088 625 3153 vobis
637 3102 671 3153 et
684 3088 755 3154 aliae
768 3090 789 3155 J
791 3089 919 3155 ubaiani
935 3090 1065 3171 litterae,
1080 3082 1155 3179 qui-

107 3195 171 3263 bus
192 3217 252 3282 pro
274 3219 332 3262 sua
353 3197 478 3263 sincera
499 3211 532 3263 et
554 3196 705 3283 religiosa
727 3196 897 3263 devotione
919 3197 961 3263 ad
983 3198 1155 3285 epistolam

98 3294 254 3387 nostram
266 3305 464 3386 rescribens,
479 3328 545 3392 non
567 3318 695 3371 tantum
716 3305 890 3386 consensit,
904 3307 961 3372 sed
982 3307 1080 3373 etiam
1102 3309 1155 3381 in,-

98 3425 271 3483 ,structum
293 3437 420 3490 ecesse
442 3418 608 3482 confessus
628 3417 751 3504 gratias
770 3417 851 3504 egit.
896 3419 1052 3507 Superest
1064 3434 1102 3488 ut
1115 3423 1157 3515 ds

57 3521 170 3590 abbae
191 3522 263 3609 ipsa
285 3546 320 3590 re
342 3525 463 3613 singuli
476 3526 555 3614 quid
573 3528 749 3592 sentiamus
764 3529 977 3615 proferamus,
993 3532 1155 3621 neminem

47 3691 56 3729 ι
102 3628 301 3718 judicantes,
315 3649 373 3699 aut
395 3657 415 3699 a
432 3633 508 3724 jure
522 3636 825 3703 communicationis
841 3637 995 3732 aliquem,
1010 3640 1037 3706 si
1051 3639 1155 3739 dinen·

108 3763 183 3806 sum
211 3744 356 3822 senserit,
382 3752 577 3810 amoventes.
621 3746 740 3831 Neque
764 3746 850 3811 enim
880 3747 1051 3836 quisquam
1077 3773 1155 3819 nos,-

103 3853 402 3940 ,trumepiscopum
420 3875 455 3918 se
474 3854 701 3942 episcoporum
722 3855 903 3939 constituit,
917 3872 974 3923 aut
988 3840 1155 3948 tyrannico

107 3956 232 4024 terrore
254 3961 297 4025 ad
318 3962 517 4050 obsequendi
537 3964 757 4059 necessitatem
778 3966 920 4053 collegas
942 3988 1019 4041 suos
1040 3970 1157 4058 adigit,

53 4087 101 4139 ,ao
110 4068 242 4154 quando
262 4068 382 4136 habeat
398 4072 504 4136 omnis
528 4073 699 4166 episcopus
721 4095 781 4160 pro
803 4075 933 4140 licentia
952 4076 1109 4144 libertatis
1123 4093 1157 4146 et

107 4179 281 4265 potestatis
304 4202 373 4247 suae
397 4181 566 4247 arbitrium
590 4180 771 4270 proprium,
794 4195 926 4270 tamque
948 4183 1089 4272 judicari
1114 4187 1160 4253 ab
