2678 4756
248 300 293 373 50
586 284 945 351 Annornrmnss

250 464 450 519 monentur.
471 453 632 538 σφραγίζειν
646 455 773 540 proprie
788 470 837 521 est
852 457 1050 543 consignare.
1079 454 1285 553 consignare

251 552 358 605 autem
382 553 415 604 et
440 559 567 603 manum
591 539 754 625 imponere
773 541 857 606 idem
880 556 939 621 est,
961 556 999 605 ut
1019 539 1114 605 docet
1135 539 1283 625 Epistola
1325 576 1331 595 .

253 623 432 688 Innocentii
455 623 496 687 ad
518 624 711 690 Decentium
733 647 805 713 cap.
824 642 856 690 3.
876 633 958 691 etti.
997 625 1085 691 Idem
1110 625 1283 689 confirmat

252 709 385 775 Marcus
404 709 437 773 in
459 709 522 773 vita
545 710 710 859 Porphprii
730 712 883 776 Gazensis
897 711 1051 797 episcopi,
1064 710 1156 798 cujus
1171 710 1282 775 locum

253 793 384 859 inferius
399 793 606 859 adducemus.
672 796 842 874 mbrosius,
856 820 912 861 seu
925 797 996 884 quis
1010 796 1091 861 alius
1105 810 1217 861 auctor
1231 809 1284 881 est

253 900 364 943 eorum
380 879 545 957 librorum,
559 880 592 943 in
607 895 705 966 caput
718 880 758 943 iv.
774 881 927 967 Epistola
946 882 1033 945 Pauli
1052 881 1092 945 ad
1113 879 1282 965 Ephesios.

253 964 397 1049 Denique
410 963 494 1048 apud
505 967 684 1051 AEgyptrtm
703 965 873 1051 presbyteri
893 967 1084 1054 consignant,
1098 964 1124 1029 si
1140 979 1284 1049 praeseus

252 1071 313 1113 non
325 1048 432 1135 jirerit
454 1049 618 1199 episeppus.
664 1050 784 1115 Eadem
808 1051 904 1115 habet
923 1067 1035 1117 auctor
1054 1051 1281 1139 Quaestionum

253 1135 364 1199 veteris
378 1148 417 1198 ‘et
439 1134 512 1197 novi
561 1135 728 1199 estamemi
750 1136 832 1201 inter
854 1136 1028 1223 Augustini
1049 1158 1146 1222 opera
1162 1135 1281 1213 editus,

254 1219 440 1305 Quaestione
457 1233 523 1283 101.
545 1219 630 1283 Nam
651 1219 684 1283 in
704 1219 900 1285 Alexandria
920 1232 950 1285 et
970 1237 1026 1305 per
1044 1231 1139 1285 totam
1152 1218 1282 1307 AEgyp-

255 1315 333 1382 tum,
355 1304 381 1369 si
402 1303 479 1368 desit
500 1304 666 1391 episcopus,
689 1317 840 1369 consecret
863 1306 1033 1392 presbyter.
1076 1306 1188 1370 Scribe
1210 1326 1282 1369 con-

254 1390 358 1476 signat
374 1388 543 1475 presbyter,
557 1390 636 1453 utin
652 1390 858 1474 supracitato
872 1391 1036 1456 Ambrosii
1050 1392 1134 1455 loco.
1177 1390 1283 1455 Vetus

254 1474 417 1559 inscriptio
441 1495 538 1559 quam
564 1475 661 1538 refert
686 1475 839 1539 Batonius
862 1475 901 1539 ad
923 1499 1041 1539 annum
1066 1474 1186 1543 Christi
1209 1480 1283 1551 367.

256 1558 407 1623 Picentiae
426 1557 580 1645 legitimoe
599 1558 772 1644 Neophytos
786 1560 864 1625 dieo
880 1560 941 1623 eol.
958 1561 1042 1645 Sept.
1058 1558 1249 1659 consignatae
1262 1580 1283 1623 u

256 1643 377 1711 Liberis
393 1646 482 1793 Papo
500 1645 559 1706 &c
597 1645 702 1707 ¹Porro
723 1644 792 1709 haec
813 1646 1047 1730 baptizamrum
1069 1643 1284 1730 consignatio,

254 1728 414 1795 interdum
451 1729 523 1792 ebat
538 1749 611 1792 cum
624 1728 813 1794 chrismate:
829 1730 953 1816 quoties
967 1730 1087 1795 scilicet
1097 1728 1212 1815 aliquis
1228 1750 1282 1793 ur·

254 1830 351 1901 gente
366 1812 471 1878 morbi
485 1813 671 1877 necessitate
684 1814 860 1899 baptizatus
874 1817 977 1880 fuerat
991 1837 1011 1879 a
1024 1814 1203 1879 minoribus
1217 1814 1282 1877 cle·

254 1899 338 1977 ricis,
351 1920 408 1962 nec
422 1898 623 1963 chrismatus.
664 1900 755 1963 Tunc
768 1900 852 1963 enim
874 1901 1041 1999 episcopus
1057 1900 1111 1986 qui
1132 1898 1283 1983 baptismi

255 1983 410 2049 solemnia
421 1983 626 2068 postmodum
641 1985 820 2069 supplebat,
831 1985 1003 2049 chnsmare
1014 1983 1109 2049 simul
1122 1998 1156 2047 et
1167 2004 1282 2047 manus

254 2071 419 2155 imponere
431 2091 558 2133 necesse
571 2069 718 2135 habebat.
739 2071 805 2156 Qui
817 2092 889 2134 vero
899 2071 1074 2218 perfectum
1087 2068 1282 2155 baptismum

254 2169 452 2240 acceperant,
462 2154 499 2219 iis
509 2176 621 2218 manus
633 2169 757 2219 tantum
769 2155 898 2241 impone
921 2170 992 2219 atur
1000 2156 1042 2219 ab
1052 2154 1206 2239 episcopo
1217 2154 1282 2218 siue

255 2239 491 2317 chrismatione‚
508 2252 545 2302 ut
559 2238 655 2303 docet
668 2260 771 2303 canon
786 2240 1011 2305 Arausicanus.
1052 2239 1128 2326 Quo
1148 2238 1283 2324 pertinet

183 2352 190 2363 ·
256 2340 345 2389 vetus
360 2324 569 2473 Epigramma
582 2323 667 2408 apird
684 2323 857 2389 Gruterum
874 2347 906 2409 p.
926 2337 1011 2400 1177.
1026 2322 1067 2389 de
1081 2326 1207 2389 Marea.

411 2430 490 2495 uque
503 2409 671 2474 sacerdotes
685 2408 815 2475 docuisti
827 2409 991 2474 chrismate
1003 2418 1106 2473 sancto

385 2490 523 2579 Tangere
537 2492 582 2557 dis
596 2492 829 2577 nndnmjndice
840 2510 927 2577 posse
940 2497 1018 2559 Deo.

299 2581 397 2643 Porro
422 2592 459 2642 ut
479 2578 519 2641 ad
538 2578 707 2643 Novatiani
723 2580 915 2664 baptismum
932 2578 1108 2658 redeamus,
1123 2578 1199 2643 hinc
1213 2600 1282 2643 ma·

257 2686 347 2731 nasse
359 2662 438 2727 mihi
451 2663 573 2728 videtur
585 2685 655 2727 mos
667 2664 932 2741 Novatianorum,
945 2665 1000 2750 qui
1014 2665 1047 2731 in
1060 2664 1222 2751 baptismo
1234 2685 1283 2727 sa·

256 2772 346 2815 erum
362 2748 500 2813 chrisma
514 2770 577 2813 non
593 2749 788 2813 adhibebant
802 2764 882 2813 teste
896 2748 1092 2815 Theodorito
1112 2748 1144 2813 iu
1165 2748 1225 2814 lib.
1239 2748 1282 2813 iii.

257 2837 380 2901 Haeret.
395 2834 419 2897 F
420 2834 471 2897 ab.
486 2855 526 2896 eo
547 2834 634 2919 quod
656 2833 778 2905 scilicet
799 2847 912 2898 auctor
930 2834 1071 2918 ipsorum
1087 2832 1284 2897 Novatianus

158 2926 163 2940 ’
255 2919 450 3005 baptismum
466 2918 534 2982 sine
549 2918 775 2983 chrismatione
785 2919 969 3016 accepisset.
984 2921 1122 2983 Vaass.
1151 2918 1284 2983 Rufinus

257 3004 327 3069 hac
343 3004 387 3067 ita
401 2996 513 3067 Latine
531 3004 705 3088 expressit:
727 3002 793 3081 Nec
812 3001 871 3067 roh
893 3026 934 3067 uo
956 3004 986 3067 in
1009 3026 1052 3081 eo,
1074 3024 1147 3089 quce
1168 3002 1284 3087 leptis·

256 3111 342 3153 mum
356 3086 495 3172 miseqni
515 3087 625 3165 solent,
639 3086 827 3159 sollemniter
848 3027 1017 3173 adimpleta
1038 3098 1121 3164 sunl,
1142 3110 1199 3151 nec
1220 3087 1283 3174 sig·

257 3172 366 3238 noculo
381 3172 556 3236 chrismatis
571 3183 795 3237 consummatos
809 3185 865 3239 ert.
893 3177 975 3261 Quae
991 3173 1095 3238 Rufini
1110 3172 1208 3237 verba
1219 3174 1284 3237 Va·

255 3260 352 3326 lesius
372 3258 632 3329 annotationibus
653 3257 686 3321 in
706 3256 793 3322 hune
810 3259 917 3322 locum
938 3258 978 3322 de
998 3257 1165 3344 signaculo
1184 3256 1285 3331 cbris-

257 3345 364 3423 matis,
388 3341 477 3431 quod
504 3343 537 3407 in
566 3342 726 3428 baptismo
748 3342 927 3421 confertur,
955 3343 1191 3441 interpretatus,
1219 3342 1285 3427 ipse

260 3428 445 3493 Cornelium
459 3427 500 3491 de
518 3426 695 3525 signaculo,
713 3427 799 3513 quod
821 3428 1068 3493 confirmatioms
1088 3441 1286 3491 sacramento

258 3513 462 3599 percipimus,
477 3512 567 3596 loqur
589 3532 653 3575 non
673 3526 792 3577 censet.
834 3512 897 3576 Sed
911 3512 990 3599 quid
1005 3525 1099 3589 uetat,
1114 3510 1287 3598 quominus

259 3599 354 3663 etiam
372 3596 477 3660 Rufini
495 3597 589 3659 verba
608 3595 649 3658 de
669 3596 864 3661 hoe-eodem
881 3610 1082 3671 ,sacramento
1102 3597 1288 3683 interprete·

260 3705 345 3760 mur,
357 3703 460 3767 eaque
482 3681 522 3745 de
543 3680 710 3766 signaculo
731 3681 787 3745 illo
809 3681 1142 3781 dictaintelligamus,
1160 3680 1204 3757 de
1223 3700 1287 3769 quo

261 3766 443 3855 Cyprianus
466 3765 569 3851 Epist.
589 3780 638 3840 73.
663 3764 703 3829 ad
728 3764 1290 3851 Jubaianum·scrib1ir÷‡Quod·nano

260 3874 381 3939 qnoque
404 3850 488 3935 opud
509 3872 563 3913 nos
584 3851 718 3937 geritur,
741 3861 776 3915 ut
799 3851 854 3937 qui
876 3851 908 3915 in
929 3851 1054 3917 ecclesie
1074 3848 1290 3935 baptizantur,

258 3936 437 4023 praepositis
451 3935 586 4001 ecclesice
599 3933 782 4020 fferorrtnn
796 3946 827 3999 et
846 3951 902 4020 per
921 3948 1056 4003 nostrum
1070 3933 1241 4013 prothum
1251 3956 1290 4023 ac

261 4043 371 4086 monus
385 4020 605 4105 impositionem
617 4020 923 4106 Spiritum-sonetum
937 4044 1005 4085 cons
1042 4030 1170 4099 waler,
1181 4033 1214 4099 et
1225 4018 1296 4109 sig·

261 4105 371 4175 noculo
384 4105 534 4171 dominico
551 4115 805 4171 coruummentrtr.
848 4109 936 4171 Nam
957 4120 991 4172 et
1004 4044 1065 4177 ile
1085 4104 1292 4193 signaculum

252 4193 308 4277 ibi
328 4191 490 4279 predicat,
513 4190 791 4279 cujusproprium
811 4205 861 4259 est
881 4213 1088 4259 conmmmam
1107 4191 1293 4281 καὶμη-
