2678 4756
254 560 255 564 Ὗ
285 604 894 717 ANNOTATIONES

301 792 304 797 ⁵
405 860 471 941 ur
503 800 793 940 Prsarum}

478 1137 684 1172 ...ῥ’-ο

111 1330 147 1394 P.
159 1345 229 1395 211.
245 1331 313 1396 Lo.
337 1331 386 1394 Ex
414 1329 541 1415 Scripta
588 1325 708 1393 undam
734 1325 826 1391 Pierii
849 1324 881 1390 in
907 1321 1046 1387 Priorem
1070 1322 1109 1388 S.

67 1415 159 1480 Pauli
183 1418 259 1502 δια]
288 1415 407 1480 Censet
434 1415 475 1480 cl.
500 1352 683 1478 Lardnerus
708 1413 739 1477 in
763 1413 828 1498 Op.
851 1412 902 1476 De
923 1408 999 1474 Fide
1020 1407 1108 1474 Hier.

65 1501 195 1587 Evoag.
210 1515 292 1588 part.
305 1503 350 1565 ΙΙ.
366 1500 422 1566 lib.
435 1501 457 1567 i.
472 1521 543 1586 cap.
558 1513 610 1564 54.
630 1498 755 1564 nullum
776 1498 808 1562 in
831 1494 920 1560 Pauli
939 1492 1109 1580 epistolam

64 1608 85 1650 a
101 1584 206 1669 Pierio
220 1587 375 1672 scriptum
391 1586 675 1664 commentarium,
690 1584 746 1650 scd
761 1596 887 1648 tontum
908 1585 983 1668 ῥῆσιν
1001 1575 1109 1643 Pauli.

65 1693 141 1736 uam
158 1671 211 1736 hic
226 1683 515 1737 commemoratam
538 1671 571 1734 in
593 1671 702 1758 aliquo
726 1691 823 1755 opere
846 1667 984 1731 Pierium
1006 1664 1109 1729 fusius

65 1777 214 1821 sermone
227 1757 424 1844 exposuisse.
455 1757 619 1822 Fabricius
631 1773 740 1820 autem
752 1755 783 1819 in
796 1750 879 1818 Bill.
894 1752 999 1816 Graec.
1011 1750 1068 1816 lib.
1079 1773 1109 1816 v.

64 1862 104 1907 ca
128 1855 202 1906 .35.
217 1843 274 1908 ubi
289 1842 330 1906 de
348 1842 556 1928 scriptoribus
577 1843 609 1906 iu
634 1841 741 1906 Photii
757 1838 950 1904 Bibliotheca
965 1858 1109 1902 censure

63 1863 221 2015 suijectis
244 1929 325 2014 agit,
341 1928 427 1992 haud
449 1927 597 1992 dubitare
619 1949 653 1992 se
672 1927 729 2005 ait,
751 1948 790 1990 cx
812 1923 984 1988 duodecim
1006 1921 1071 2020 illis
1089 1943 1110 1985 a

66 2009 184 2078 Photio
197 2013 383 2078 memoratis
399 2012 491 2078 Pierii
532 2013 541 2036 '
562 2039 600 2088 οις
610 2012 708 2077 luisse
723 2011 809 2076 hunc
824 2022 1007 2074 tractatum.
1030 2005 1108 2070 Vrd.

63 2099 163 2183 paulo
181 2098 273 2162 infra.
318 2097 383 2184 Sed
403 2097 473 2163 haec
495 2028 632 2163 liginicii
651 2096 838 2184 conjectura
859 2094 900 2158 de
926 2092 1017 2157 Pierii
1038 2091 1110 2179 qui·

63 2181 139 2250 dem
154 2182 248 2270 λόγοις
262 2183 383 2249 incerta
395 2184 532 2249 videtur.

108 2268 195 2336 Ibid.
212 2268 234 2333 l.
246 2281 295 2344 17.
317 2269 343 2330 λ
355 2272 401 2331 καὶ
415 2271 461 2331 σὺν
474 2271 509 2351 τῷ
520 2270 623 2350 elaad
637 2267 712 2352 Sco]
729 2266 782 2332 De
798 2266 901 2333 Pierio
919 2263 990 2353 haec
1005 2261 1107 2349 scrip·

63 2366 149 2418 serat
164 2352 273 2418 statim
288 2367 362 2417 ante
379 2351 512 2418 Photius
528 2352 560 2417 in
578 2353 652 2418 cod.
666 2353 769 2419 cxviii.
791 2354 824 2418 in
844 2374 909 2439 quo
926 2363 1108 2416 recensetur

63 2436 228 2523 Pamphili
241 2439 295 2502 M.
311 2448 407 2524 atque
426 2436 554 2503 Easelii
568 2438 725 2526 Apologia
746 2454 802 2524 pro
826 2436 969 2525 Origene.
998 2432 1058 2498 Ἦν
1078 2433 1107 2497 δί
1196 2455 1199 2459 ·

61 2524 221 2607 Παμφίλου
245 2523 412 2598 διδάσκαλος
435 2529 448 2586 ὁ
470 2523 592 2609 Πιέριος,
616 2532 663 2588 τοῦ
686 2529 712 2588 ἐν
736 2522 933 2633 Ἀλεξανῇοιῖᾳ
954 2522 1001 2585 καὶ
1025 2519 1108 2594 αὐτὸς

61 2607 227 2697 πςοεςηκῶς
241 2608 445 2672 διδασκαλείου.
473 2610 580 2693 μάρτυς
594 2610 621 2672 δὲ
637 2609 683 2687 ael
697 2615 710 2672 ὁ
725 2612 782 2673 Πιέ
800 2636 837 2685 rog
857 2635 918 2699 epea
938 2613 979 2694 τῷ
997 2608 1108 2690 ἀδελφῷ

60 2693 204 2780 Ἰσιδώρῳ,
215 2702 270 2758 τῶν
282 2695 443 2772 ἀθλητικῶν
457 2693 617 2771 ἀξιωθέντες
633 2704 765 2777 ceperas,
778 2638 873 2774 ligole
888 2712 970 2773 φασι,
982 2693 1031 2756 καὶ
1044 2689 1106 2765 νεῶς
1132 2724 1135 2727 ·

60 2779 83 2864 ri,
98 2779 168 2842 claui
181 2782 232 2842 ὑπὸ
245 2788 299 2843 τῶν
313 2777 481 2842 desideras
494 2781 664 2866 ἱδρύνθησαν.
696 2780 760 2846 Sed
772 2781 813 2845 de
826 2779 919 2845 Pierii
930 2778 1025 2844 rebus
1036 2775 1107 2847 adi·

61 2863 105 2927 sis
128 2863 245 2928 illaad
266 2863 506 2951 Hieronymum
522 2866 574 2928 De
590 2864 679 2930 Viris
695 2864 747 2929 Ill.
763 2866 863 2931 modo
884 2876 1006 2930 notata.
1051 2863 1107 2926 In·

61 2948 196 3048 scriptio
216 2949 339 3012 interea
358 2971 415 3014 seu
435 2950 547 3014 titulus
565 2949 634 3038 ejus
649 2952 766 3036 operis,
806 2950 870 3016 uod
886 2972 962 3015 mox
976 2965 1104 3013 memo-

59 3033 195 3111 rabitur,
208 3033 241 3097 in
253 3033 427 3099 duodecim
440 3049 549 3099 tomos
561 3035 681 3121 partiti,
693 3037 753 3100 nisi
768 2974 854 3103 idem
868 3032 947 3101 illud
962 3037 1001 3097 Ol
1015 3033 1105 3119 Λόγοι

58 3118 260 3204 appellatum
275 3118 384 3197 fuerit,
400 3120 600 3186 intercidisse
616 3120 751 3186 videtur.

106 3205 141 3268 P.
157 3217 227 3268 212.
249 3204 271 3266 l.
285 3209 317 3267 6.
344 3206 380 3285 τᾷ
402 3213 447 3274 τῆς
469 3210 546 3274 delae
574 3208 621 3283 sai
647 3208 846 3282 platee—deri
868 3213 915 3274 ,τῆς
940 3202 1101 3287 irresolutus]

58 3286 147 3354 Vide
164 3309 260 3374 supra
280 3289 363 3354 Not.
383 3287 424 3353 ad
445 3288 636 3354 Dronrsu
653 3291 754 3355 Rom.
771 3293 1012 3377 Fragmentum,
1028 3309 1106 3374 pag.

61 3387 76 3436 1
124 3420 133 3438 .
946 3389 948 3393 ,

81 3385 190 3523 8ilbltl.
210 3441 234 3523 l.
249 3471 280 3523 8.
309 3459 369 3542 tergi
383 3465 467 3538 plna
481 3468 527 3522 reli
540 3464 693 3540 Πηῦμιτος
707 3469 856 3539 irrepentis
873 3459 948 3544 &e.]
966 3456 1105 3524 Gulllel-

56 3563 133 3608 mus
153 3543 285 3630 quidem
306 3543 485 3609 Berriman.
508 3545 541 3610 in
562 3545 762 3612 Coacioailas
784 3545 888 3610 Sacris
902 3546 940 3610 de
958 3544 1104 3610 Historia

12 3703 21 3719 ἢ
57 3628 287 3694 Controversia
302 3627 488 3694 Trinitariae
506 3630 619 3717 lingua
641 3633 808 3698 vernacula
829 3631 980 3718 praeclare
1002 3630 1104 3716 scrip·

55 3712 115 3793 tis,
129 3715 234 3794 Serm.
243 3715 289 3779 iii.
304 3736 336 3799 p.
353 3728 419 3782 134.
440 3716 577 3780 Pierium
595 3716 783 3796 defendens,
797 3731 896 3805 negat
914 3714 978 3781 hoc
993 3715 1103 3780 verisi-

54 3797 134 3864 mile
149 3821 230 3880 esse,
251 3798 285 3864 in
303 3821 434 3886 gravem
447 3800 551 3868 ullum
567 3825 708 3879 errorem
723 3804 764 3868 de
778 3803 900 3890 Spiritu
918 3804 1037 3867 Sancto
1053 3802 1104 3868 in·

54 3883 174 3951 cidisse
193 3891 282 3965 cum,
304 3885 421 3972 quide
442 3886 513 3951 Filii
535 3887 668 3974 quidem
689 3901 803 3954 natura
824 3910 934 3954 verum
958 3889 1102 3953 doceret.

55 3966 219 4058 Opinatur
240 3993 337 4058 porro
360 3985 492 4038 secutus
512 3972 645 4038 Bullum
667 3974 714 4039 vir
728 3974 823 4039 idem
851 3974 979 4050 doctus,
1002 3973 1102 4057 scrip

54 4054 137 4120 sisse
151 4055 303 4136 Pierium,
314 4055 471 4142 Spiritum
487 4059 520 4122 S.
536 4058 694 4123 minorem
711 4081 781 4124 esse
796 4060 888 4125 Patre
903 4072 936 4122 ct
953 4056 1034 4122 Filio
1048 4077 1101 4122 ee·

53 4138 132 4206 dem
147 4143 283 4222 ratione,
298 4164 362 4230 qua
376 4141 445 4228 ipse
465 4143 564 4209 Filius
587 4145 679 4211 Patre
694 4145 800 4214 minor
813 4168 833 4210 a
848 4141 1027 4211 Catholicis
1040 4163 1101 4230 ag·

560 4251 578 4293 P
591 4243 609 4293 3
