2678 4756
390 274 445 343 nr
466 272 696 347 concrum
719 274 955 346 charnac.
1134 290 1206 367 15,

149 464 228 513 nam
245 443 357 513 addita
372 458 424 512 eat
445 446 604 596 perticula
625 443 657 510 ir
677 446 711 512 in
730 446 967 533 exemplaribus
987 445 1111 512 Graeeis
1132 448 1196 515 im·
1250 520 1254 527 ,

149 532 283 619 pressis,
297 532 448 598 renitenti
472 555 510 597 us
525 547 635 599 tamen
651 532 797 619 plurimis
816 532 984 597 codicibus
998 535 1199 621 manuscrip-

149 617 206 683 tis.
250 619 335 682 Mox
348 617 381 682 in
398 618 567 718 suffragiis
582 639 619 684 x.
634 631 668 684 et
682 639 793 684 xxra.
808 630 843 683 et
859 638 977 685 xxxv.
994 618 1051 683 ubi
1066 620 1199 699 affertur

148 700 260 783 locus,
275 724 347 790 ergo
361 703 454 770 abest
462 728 473 785 3
496 716 580 769 sicut
590 703 678 790 apud
692 705 871 770 Auctorem
884 704 935 768 De
951 703 1142 790 Reboptirm.
1156 703 1199 772 sd

177 834 188 853 .
199 801 273 854 338.

149 807 176 874 p
196 874 234 938 P.
242 885 294 952 94.
314 873 339 939 l.
352 887 404 939 ³2.
425 874 549 940 Domus
570 873 793 940 contrariorum
815 872 908 962 legis]
934 875 1039 940 LXX.
1063 874 1197 943 habent.

148 956 238 1023 &aias
257 959 431 1045 παρανόμων
453 961 615 1046 ὄφαλῆσεσι
635 959 823 1048 uaeiapmpdv.
855 960 997 1025 Hebraea
1019 973 1092 1026 toto
1107 962 1199 1029 coelc

149 1042 299 1111 ridentur
312 1044 441 1111 distare.
458 1061 551 1111 :rats
565 1042 610 1124 rh
624 1043 734 1110 tzhnn
754 1048 826 1111 Nec
841 1045 935 1110 facile
950 1059 1001 1110 est
1012 1046 1201 1133 conjectura

151 1130 286 1216 assequi
305 1129 385 1217 quid
407 1152 476 1217 prae
495 1129 599 1196 oculis
618 1128 776 1196 haberent
790 1130 898 1196 Graeci
917 1130 1118 1217 interpretes,
1137 1132 1200 1199 nisi

147 1213 238 1285 forte
252 1235 311 1303 per
324 1236 466 1282 errorem
477 1215 623 1302 legerant
637 1231 729 1282 raras
743 1213 780 1301 rb
792 1214 863 1283 *ins
877 1215 1062 1284 habitacula
1073 1216 1197 1286 deriso-

149 1299 197 1365 ris
210 1298 246 1365 in
260 1298 473 1386 piamentum.
497 1303 660 1366 Fsacus.

197 1386 232 1451 P.
242 1400 294 1465 95.
308 1387 331 1451 l.
346 1403 376 1451 1.
391 1387 499 1474 primo
511 1386 655 1474 purgari]
674 1385 836 1471 Anglicus
849 1384 894 1450 sit
906 1384 1130 1474 interpres-“
1139 1409 1199 1477 per

149 1471 413 1558 “poenitentiam
434 1494 507 1559 quae
526 1472 653 1557 agenda
670 1483 808 1536 estante
825 1470 1055 1538 admissionem
1077 1473 1119 1539 ad
1140 1497 1197 1541 ec·

149 1561 175 1597 ‘⁶
190 1556 322 1623 alesiam
338 1578 396 1643 per
408 1557 644 1644 baptismum.”
675 1555 739 1621 Sed
755 1555 888 1622 forsitan
903 1557 1134 1646 intelligendus
1148 1573 1199 1633 est

148 1641 362 1724 exorcismus,
374 1644 442 1730 .qui
458 1643 493 1708 in
511 1641 680 1728 suffragiis
696 1661 788 1708 v111.
804 1655 837 1707 et
852 1663 962 1719 xxxi.
984 1659 1019 1709 et
1040 1665 1198 1715 xxxvu.

147 1724 340 1797 bominibus
351 1729 511 1794 conversis
522 1726 742 1793 commendari
753 1742 786 1794 et
797 1727 925 1815 injungi
935 1729 1072 1797 videtur.
1096 1733 1197 1807 Porro

148 1809 186 1877 in
200 1834 326 1879 canone
339 1815 479 1914 septimo
503 1812 634 1883 concilii
657 1813 851 1878 OEcummici
869 1813 1003 1880 Secundi
1017 1838 1090 1895 mos
1103 1838 1198 1883 exor-

146 1897 280 1967 cizandi
294 1913 362 1965 tam
376 1899 450 1965 alios
463 1899 645 1978 haereticos,
668 1897 775 1984 quiin
798 1920 838 1963 eo
857 1901 1078 1982 nominantur,
1098 1924 1198 1991 quam

146 1982 313 2064 edrnicoa
326 1997 402 2051 ante
416 1985 626 2072 baptismum,
643 1984 788 2048 timeatur
802 2006 841 2048 ac
856 1985 1027 2052 stabilitur.

194 2069 283 2144 Ibid.
303 2070 329 2135 l.
342 2085 372 2135 5.
387 2070 532 2158 itemque
551 2071 592 2135 ad
606 2068 824 2156 Stephanum]
846 2072 896 2135 Its
915 2072 1073 2158 scriptum
1094 2084 1145 2138 est
1163 2073 1198 2147 in

148 2152 360 2234 editionibus,
374 2156 451 2221 etin
467 2157 621 2222 omnibus
634 2156 701 2220 fere
709 2155 799 2220 libris
811 2155 983 2222 veteribus.
1004 2159 1089 2257 §211ae
1101 2161 1198 2233 verba

146 2239 271 2307 desunt
285 2240 319 2306 iu
333 2241 482 2323 Passuri,
496 2256 582 2308 recte
597 2255 708 2307 autem
726 2241 846 2305 omissa
859 2241 893 2306 in
904 2241 961 2306 illo
976 2243 1076 2307 fuisse
1091 2259 1128 2309 et
1138 2244 1197 2311 de·

144 2325 211 2391 leri
234 2324 351 2391 dehere
375 2327 451 2392 hinc
467 2327 544 2393 colli
570 2327 634 2392 itur
656 2326 746 2413 quod
764 2340 888 2391 certum
908 2327 950 2392 sit
966 2328 1086 2395 nullam
1103 2344 1198 2399 antea

146 2409 334 2483 litterarum
351 2411 506 2500 Cypriani
520 2350 569 2477 ad
579 2412 780 2499 Stephanum
794 2414 993 2477 mentionem
1008 2413 1076 2479 fieri
1091 2415 1124 2480 in
1135 2416 1198 2493 hac

215 2496 294 2576 odo,
315 2498 365 2562 uti
386 2511 474 2565 recte
496 2498 676 2565 observavit
696 2509 826 2563 sanctus
846 2499 1060 2584 Augustinus,
1081 2500 1140 2567 lib.
1154 2502 1197 2579 vi.

146 2514 376 2682 gnBaptismo
394 2596 509 2649 contra
526 2584 727 2663 Donatistae,
744 2584 949 2669 cap.15.ubi
969 2585 1068 2651 etism
1086 2586 1199 2655 scribit

150 2686 187 2731 se
210 2669 382 2755 eprstolam
402 2668 492 2735 illam
518 2668 548 2732 C
572 2668 676 2755 priani
695 2668 738 2734 ad
758 2668 961 2754 Stephanum
980 2691 1045 2736 non
1066 2671 1193 2743 vidisse.

150 2751 278 2819 Verum
293 2753 327 2819 id
341 2755 459 2839 probat
472 2755 536 2821 istu
571 2753 827 2820 additamentum
843 2776 913 2819 esse
926 2769 1027 2821 vetus.
1049 2756 1126 2824 Vid.
1141 2781 1197 2825 su·

146 2857 223 2987 plria,
241 2858 323 2989 popl.
344 2854 415 2905 ⁵02.
450 2841 661 2905 Barbarus.
707 2839 758 2903 Ibi
787 2852 915 2905 constat
943 2841 1037 2906 aliter
1062 2843 1198 2917 sensisse

146 2943 174 2986 o
199 2944 233 2987 m
264 2947 284 2989 e

318 2946 355 2993 sc
371 2946 406 2991 re
416 2925 588 2991 Baluaium
601 2950 611 3005 3
635 2924 718 2989 hanc
732 2924 819 2988 euim
834 2926 939 3025 ipsam
954 2927 1126 3013 epistolam
1139 2951 1198 3017 sp-
1302 2950 1305 2954 ⁴

143 3006 264 3094 pellat,
280 3032 379 3097 quam
405 3011 564 3075 Crescens
581 3011 753 3097 episcopus
780 3009 937 3076 Cirtensis
960 3027 1197 3095 commemorat

150 3094 305 3181 scriptam
318 3118 338 3160 a
349 3096 515 3197 cypriano
528 3095 570 3160 sd
584 3094 797 3195 Stephanum,
806 3117 945 3245 campus
960 3120 1045 3163 nunc
1059 3121 1127 3164 non
1139 3120 1196 3166 ex·

149 3191 223 3245 tare
237 3194 343 3270 putat,
357 3196 392 3246 et
406 3181 563 3247 diversam
573 3181 701 3245 fuisses
713 3181 888 3268 Cyprmnrr
902 3182 985 3247 laad
993 3184 1197 3270 Stephanum

143 3263 195 3333 de
208 3266 372 3353 baptismo
385 3265 623 3346 hereticorum,
638 3289 713 3352 quae
727 3288 818 3342 num.
831 3265 917 3332 lxxii.
932 3280 1073 3333 notatur.
1099 3270 1204 3337 Pear:

147 3350 264 3417 sanius
286 3351 320 3418 in
332 3351 512 3419 Ausaritis
528 3352 624 3437 Cypr.
640 3350 681 3417 ad
699 3374 751 3417 an.
767 3358 837 3417 256.
871 3358 894 3405 t‘
908 3354 1011 3417 Lecta
1029 3365 1080 3418 est
1095 3353 1196 3430 etiam

149 3437 339 3538 “Epistola
360 3437 517 3538 §ypnani
542 3437 585 3501 ad
613 3436 826 3522 Stephanum,
852 3437 952 3537 quod·
966 3438 1099 3539 quiden]
1126 3441 1196 3529 ipss

149 3523 617 3692 :xffiitiinffimmmi'
631 3522 689 3589 sed
705 3522 861 3590 Crescens
877 3545 897 3589 a
913 3522 1006 3590 Cirta
1013 3525 1195 3667 Episcopus

157 3684 163 3693 ’
194 3692 282 3759 ibid.
298 3693 321 3758 l.
331 3700 363 3759 6.
378 3707 562 3761 sauctorum
578 3693 853 3779 testimoniorum]
878 3694 966 3762 Octo
976 3693 1051 3762 libri
1062 3708 1198 3780 veteres,¹

149 3787 185 3843 et
202 3777 239 3843 in
257 3778 309 3843 his
331 3779 560 3866 Seguierisnus
582 3780 705 3845 habent
728 3778 1010 3847 sanctimoniarum.
1046 3782 1116 3848 Alii
1140 3804 1196 3853 aex

141 3862 433 3946 mitissimum,
451 3866 572 3932 omissa
590 3886 669 3930 voce
683 3865 937 3946 testimoniorum,
951 3887 1027 3953 quse
1039 3865 1131 3933 deest
1143 3883 1193 3937 et-

143 3947 217 4025 *
232 3949 1194 4113 “tittertserrrrnhtrtmtttritt

142 4054 284 4187 zamrim.
293 4121 474 4209 Augustini
488 4122 531 4189 de
542 4122 712 4208 Baptismo
721 4123 1048 4213 eontra-Donatistae,
1062 4142 1135 4212 cap.
1143 4139 1191 4193 tt.

148 4202 535 4296 Vid.sopra·,.prg.407.
554 4209 784 4283 Betucius...
829 4276 834 4283 .
863 4252 867 4261 ·
892 4268 913 4283 ,,
1040 4264 1043 4271 .
