2678 4756
148 306 213 375 ι..
415 290 693 360 ueurourrc
722 287 919 361 sacru.

147 454 320 552 perfectus
331 475 393 546 est,
406 482 507 554 quum
521 465 608 531 dives
621 479 725 547 esset3
741 480 771 529 et
784 470 961 550 Sapientem,
974 463 1055 552 quia
1064 461 1193 554 xprofi·

147 574 261 641 ciebat·
270 586 365 642 aetate
378 590 412 641 et
427 576 582 664 sapientia
591 590 625 642 et
638 578 744 666 gratia
757 577 845 666 apud
858 578 971 644 Deum
982 589 1016 644 ct
1030 577 1192 644 homines.-

147 687 209 747 lste
221 699 306 748 nctus
321 697 365 748 est
377 690 408 748 in
421 709 512 768 regno
525 692 612 761 senis,
628 693 679 751 irc.
691 693 742 750 &a
790 739 793 745 .

497 866 835 907 ...ι-ο...-

149 1004 201 1072 De
215 1001 369 1073 lictor-ino
383 1006 431 1073 iia
444 1007 550 1075 scribit
566 1009 599 1075 S.
613 1009 836 1099 Hieronymus,
847 1011 980 1077 Aduers.
994 1009 1192 1094 Heluidium,

536 1133 618 1186 tom.
629 1121 669 1188 iv.
685 1142 719 1209 p.
732 1133 800 1188 141.
1196 1138 1211 1188 s

187 1263 235 1322 De
248 1264 401 1323 Victorino
422 1266 451 1324 id
471 1285 577 1335 assero,
593 1268 671 1344 quod
689 1276 718 1324 et
736 1268 772 1325 de
785 1267 989 1344 Evangeiistis,
1004 1267 1111 1326 fratres
1128 1287 1190 1327 eum

149 1371 260 1430 dixisse·
266 1370 398 1440 Domini,
412 1391 470 1429 non
485 1371 559 1430 filios
573 1372 675 1441 Maria
688 1393 696 1430 t
710 1370 822 1431 'fratres
836 1382 932 1431 autem
946 1392 981 1432 eo
995 1392 1095 1445 sensu,
1109 1393 1191 1452 quem

149 1477 277 1557 superius
292 1479 486 1557 exposuimus,
502 1478 729 1558 propinquitate,
743 1498 803 1537 nou
817 1488 930 1539 natura.

491 1661 834 1700 ..n-*na-

148 1795 200 1862 De
215 1795 375 1862 Sententia
395 1795 532 1885 quodum
549 1789 711 1877 Victorini,
727 1795 933 1886 aliorumque,
949 1795 997 1862 ito
1013 1795 1048 1862 S.
1061 1795 1188 1863 fflerou.

479 1909 531 1973 De
548 1908 635 1975 Viris
650 1907 703 1974 Ill.
718 1930 790 1996 cap.
806 1921 853 1974 18.
1194 1920 1223 1972 10

156 2113 161 2125 ,
187 2056 248 2127 Hic
263 2052 403 2143 (Papias)
419 2056 530 2130 dicitur,
543 2056 622 2115 mille
644 2075 785 2116 annorum
798 2054 951 2114 iudaicam
963 2054 1092 2115 edidisse
1110 2052 1186 2115 norl-

145 2195 230 2252 guars,
245 2188 329 2248 quem
350 2171 440 2227 secuti
462 2178 529 2227 sunt
550 2150 676 2227 Irenaeus
694 2177 728 2241 ¹et
746 2165 945 2247 Apollinarius'
965 2176 997 2224 et
1015 2166 1126 2237 coeteri,
1142 2164 1182 2243 qui

147 2286 214 2356 post
227 2277 465 2335 resurrectionem
478 2276 560 2334 aiunt
573 2275 604 2333 in
618 2294 704 2334 carne
718 2293 782 2333 cum
793 2273 899 2332 sanctis
914 2271 1080 2348 Dominum
1089 2286 1181 2349 regnu·

146 2391 253 2441 turum.
291 2372 486 2440 Tertullianus
501 2392 615 2459 quoque
628 2380 659 2438 in
673 2378 748 2439 libro
762 2380 798 2438 de
811 2392 862 2459 spe
875 2377 1013 2449 fidelium,
1026 2387 1060 2437 et
1072 2376 1178 2436 Vicro·

144 2505 240 2546 uiuus
256 2488 518 2557 Puraarouunsrs,
533 2495 563 2544 et
576 2484 746 2545 Lactantius
760 2468 816 2544 hac
829 2484 969 2566 opinione
981 2483 1136 2563 ducuntur.
1184 2491 1211 2547 15,

496 2658 834 2702 *a

205 2800 257 2864 De
270 2797 376 2865 eodem
392 2797 554 2865 Sententia
568 2799 615 2864 ito
631 2799 664 2864 S.
677 2798 809 2864 Hieron.
828 2797 945 2864 Corum
962 2793 997 2862 in
1012 2796 1130 2871 Fasceis.

458 2931 529 2998 cap.
541 2916 591 2975 36.
608 2921 688 2976 tom.
700 2910 745 2975 iii.
761 2932 795 2997 p.
807 2924 877 2989 952.

185 3055 289 3135 Neque
303 3057 380 3114 enim
389 3053 476 3135 juxta
489 3056 508 3113 J
511 3056 624 3114 udaicus
638 3054 762 3124 subulas,
778 3074 847 3132 quas
861 3054 904 3112 illi
918 3053 1079 3136 decerpsisse
1091 3051 1177 3134 appel·

145 3154 218 3232 lant,
233 3173 407 3239 gemmatam
422 3171 451 3219 et
464 3180 579 3219 auream
594 3161 629 3220 de
643 3161 719 3219 coelo
733 3169 915 3241 expectamus
931 3159 1124 3230 Hierusalem,
1132 3177 1177 3216 nec

144 3287 257 3327 rursum
278 3269 390 3347 passuri
412 3268 637 3326 circumcisionis
656 3266 802 3345 injurium,
818 3286 873 3324 nec
892 3265 1020 3324 oblaturi
1041 3275 1211 3328 taurormrt

145 3385 176 3434 et
189 3377 312 3434 arietum
323 3376 465 3441 victimas,
477 3394 530 3432 nec
544 3373 658 3432 sabbati
672 3375 734 3431 otio
749 3373 933 3430 dormiemus.
960 3372 1051 3434 Quod
1064 3368 1178 3430 etmulti

145 3490 321 3551 nostrorum,
337 3489 366 3536 et
385 3480 528 3557 precipue
547 3478 719 3537 Tertulliani
738 3477 821 3545 liber,
837 3478 885 3556 qui
905 3476 1075 3535 inscribitur
1089 3477 1123 3535 de
1137 3493 1182 3555 spe

145 3585 282 3653 fidelium,
298 3594 327 3642 et
345 3583 493 3642 Lactantii
511 3585 726 3646 institutionum
741 3582 876 3641 volumen
895 3583 1054 3661 septimum
1071 3580 1180 3663 pollice·

145 3701 211 3763 tur;
234 3701 264 3748 et
282 3690 458 3748 Vrcronrur
478 3691 731 3748 Purssroueusrs
751 3689 880 3768 episcopi
899 3688 1007 3746 crebrae
1029 3687 1179 3769 expositio·

144 3815 216 3869 nes;
240 3805 270 3854 et
288 3815 379 3876 nuper
397 3797 517 3872 Severus
537 3805 636 3854 noster
655 3797 687 3853 in
705 3793 833 3872 dialogo,
849 3795 895 3852 cui
910 3793 997 3851 Gallo
1011 3812 1120 3854 nomeu
1132 3782 1223 3863 im·25¹

144 3903 253 3983 posuit.
285 3901 327 3961 Et
341 3913 373 3960 ut
386 3902 503 3962 Graecos
518 3901 674 3970 nominem,
690 3910 719 3958 et
737 3901 862 3980 primum
879 3907 1100 3979 extremumque
1117 3890 1180 3985 ocu·

139 4006 274 4088 jungam,
289 4005 415 4066 ireneus
430 4017 459 4066 et
469 4005 690 4087 -Apollinarius'

524 4192 538 4225 ¹
555 4192 648 4244 Lucii.
658 4205 751 4243 comm.
762 4191 809 4245 uit.
