2678 4756
221 323 263 387 40
411 352 414 359 -
447 332 450 337 ·
561 304 922 371 ANNOTATIONES

224 474 381 539 laicorum
397 474 543 540 ordinem
560 475 737 540 redactum.
783 477 868 541 Cum
883 477 968 540 enim
984 478 1268 543 excommunicare

134 613 137 620 .
224 560 316 625 illum
332 559 439 640 vellet,
454 575 569 646 utpote
588 562 699 625 nefarii
719 562 899 626 schismatis
914 574 1090 640 auctorem,
1106 564 1268 649 apopulo

224 661 359 732 rogatus
373 646 456 710 idem
472 647 653 725 Cornelius,
667 646 779 711 laicam
796 649 825 712 ei
839 648 1100 712 communionem
1117 648 1267 728 indulsit,

224 731 259 796 id
285 747 333 794 est
362 744 399 795 ut
422 733 504 797 inter
527 733 626 797 laicos
649 735 915 812 communicaret,
935 734 1091 818 permisit.
1135 733 1267 820 Reliqui

224 838 299 882 vero
321 817 465 903 episcopi
487 818 542 904 qui
566 817 782 883 Novatianum
809 819 1040 894 ordinaverant,
1065 840 1129 883 non
1155 819 1266 884 solum

224 902 376 988 depositi,
392 924 499 972 verum
521 903 617 968 etiam
638 925 658 967 a
679 903 907 968 communione
928 903 1028 968 totius
1048 904 1192 968 ecclesias
1211 926 1266 968 se·

223 988 328 1137 parati
350 1001 436 1052 sunt.
482 990 532 1053 Ita
555 988 736 1076 Cyprianus
759 989 790 1052 in
813 989 959 1073 Epistola
979 987 1018 1052 ad
1042 989 1267 1053 Antonianum

247 1095 266 1136 e
281 1074 461 1158 Trophimo
476 1073 612 1160 loquens
630 1074 794 1159 episcope,
808 1074 864 1161 qui
885 1096 959 1138 cum
980 1073 1120 1137 schisma
1137 1074 1270 1138 fecisset

224 1157 259 1222 in
279 1159 416 1223 eeclesia
435 1162 591 1238 Romana,
606 1173 719 1245 postea
738 1162 902 1223 confessus
917 1179 1070 1236 errorem,
1085 1174 1120 1224 et
1134 1160 1266 1225 turbans

225 1243 360 1308 fratrum
383 1267 466 1330 quos
487 1245 662 1309 abduxerat
685 1266 795 1308 secum
820 1245 853 1309 in
873 1243 1040 1308 ecclesiam
1065 1245 1232 1324 reducens,
1245 1266 1269 1308 a

226 1328 380 1394 Cornelio
402 1352 493 1394 susce
518 1347 569 1395 tus
589 1343 648 1394 est.
687 1329 738 1393 Sic
760 1341 874 1406 tamen,
901 1329 1015 1414 inquit,
1040 1329 1193 1394 admissus
1217 1339 1268 1394 est

227 1414 424 1498 Trophimae,
439 1426 474 1479 ut
491 1353 588 1480 lisimas
607 1415 816 1491 communicet,
831 1437 892 1478 nou
906 1415 997 1514 quasi
1011 1414 1110 1478 locum
1124 1415 1268 1479 suendo-

227 1501 269 1564 tis
281 1513 418 1585 usurpet.
454 1503 551 1564 Hunc
565 1503 631 1564 Tro
654 1500 791 1578 bimum,
808 1500 897 1563 illurn
911 1522 1016 1585 ipsum
1031 1522 1099 1564 esse
1115 1501 1269 1564 existimo

225 1585 347 1671 dequo
363 1586 395 1649 in
410 1585 469 1649 hac
484 1607 502 1648 e
527 1585 620 1650 istola
632 1523 777 1672 loquitur
792 1585 972 1661 Comelius‚
988 1607 1087 1648 unum
1102 1607 1141 1648 ex
1156 1585 1194 1649 iis
1208 1585 1267 1670 qui

224 1671 441 1736 Novatianum
460 1608 693 1735 ordinaverant.
735 1673 821 1734 Nam
846 1669 1027 1757 Cyprianus
1049 1670 1139 1734 illurn
1161 1690 1269 1733 sacer-

226 1755 349 1834 dotem,
364 1756 396 1819 id
417 1771 466 1820 est
487 1757 673 1855 episcopum
694 1770 807 1833 vocat,
830 1771 862 1820 et
877 1756 1105 1820 fraternitatem
1121 1754 1209 1840 prius
1224 1754 1268 1819 ab

225 1842 362 1905 ecclesia
376 1842 566 1906 abstraxisse
580 1855 737 1918 testatum
762 1842 875 1905 deinde
891 1862 1049 1904 reversum
1065 1863 1139 1905 curn
1155 1839 1267 1903 humi-

225 1926 315 1991 litate
330 1926 451 1990 veniam
467 1926 607 2013 petiisse,
623 1940 689 1992 eta
705 1925 857 1991 Cornelio
871 1925 912 1988 ad
929 1927 1042 1989 laicam
1058 1924 1267 1989 communio·
1322 1962 1327 1967 ·

226 2033 301 2077 nem
315 2027 511 2098 susceptum.
548 2014 646 2076 Porro
659 2012 736 2076 alter
749 2033 787 2074 ex
802 2011 967 2096 episcopis·
999 2011 1031 2073 ui
1047 2011 1266 2074 Novatisnum

226 2097 425 2175 ordinarunt,
441 2098 601 2162 Evaristus
615 2098 713 2161 fuisse
729 2095 862 2174 videtur,
877 2109 915 2160 ut
932 2034 1052 2181 colligo
1071 2117 1110 2159 ex
1128 2092 1268 2180 epistola

226 2182 371 2264 ¹Cornelii
389 2185 493 2268 Papae,
509 2206 580 2268 quaa
595 2183 676 2246 inter
693 2181 846 2269 Cypriani
867 2181 1028 2266 Epistolas
1041 2193 1092 2244 48.
1115 2180 1267 2245 habetur.

228 2269 268 2330 In
283 2269 363 2331 actis
377 2268 593 2353 suppositiciis
610 2268 755 2352 martyrii
776 2266 947 2330 Novatiani
966 2288 1040 2351 quae
1061 2265 1203 2330 citantur
1224 2265 1269 2328 ab

227 2352 370 2438 Eulogio
384 2354 415 2417 in
430 2354 486 2416 lib.
496 2353 536 2415 vi.
558 2352 757 2416 Novatianus
771 2353 941 2436 episcopus
956 2353 1069 2414 Romae
1081 2351 1185 2414 factus
1196 2370 1269 2415 esse

228 2437 346 2502 dicitur
368 2460 387 2500 a
407 2437 533 2501 duobus
548 2437 719 2523 episcopis,
736 2437 895 2501 Marcello
909 2435 1111 2522 Aquileiensi
1125 2447 1160 2498 et
1174 2436 1269 2521 Aga·

228 2545 400 2587 memnone
426 2523 616 2586 Trevireusi.
669 2523 820 2587 Ceterum
850 2522 882 2584 in
912 2522 1025 2585 codiee
1054 2522 1143 2584 Mau.
1171 2519 1270 2584 Med.

229 2610 255 2672 F
257 2609 313 2672 uk.
330 2622 363 2672 et
377 2609 484 2672 Savllii
498 2608 617 2694 legitur
632 2607 844 2688 ἓκοινωνῆσαμεν
864 2608 899 2680 ὠς
920 2611 1030 2690 λα’ἰκῷε
1049 2627 1150 2754 quam
1165 2605 1270 2753 scrip·

228 2706 334 2758 turam
350 2694 515 2778 amplexus
529 2709 579 2757 est
595 2691 919 2777 Christophorsonus.
949 2691 1048 2774 (Abe
1074 2738 1082 2753 .
1099 2693 1137 2754 R.
1154 2691 1233 2775 saep
1259 2736 1271 2753 .

123 2799 128 2804 ·
228 2780 385 2865 particula
400 2783 435 2853 ὠς
449 2779 583 2861 aberat.)
606 2777 815 2843 Vacssrus.
860 2777 1055 2862 Episcopum
1077 2775 1168 2839 illurn
1185 2775 1269 2839 exis·

229 2866 324 2928 timat
338 2865 485 2928 Valesius
500 2863 727 2949 Trophimum,
743 2863 783 2925 de
819 2883 864 2925 uo
881 2861 1063 2947 Cyprianus
1077 2863 1108 2925 in
1124 2860 1271 2944 Epistola

232 2963 279 3013 10.
301 2966 455 3036 sequente
474 2951 516 3013 ad
537 2949 758 3014 Antonianum
798 2884 873 3010 lura
891 2946 1012 3010 scribit.
1056 2945 1118 3009 Sed
1133 2944 1270 3030 quaeibi

230 3033 272 3098 de
293 3035 355 3098 hoc
375 3035 554 3120 Trophimo
569 3033 750 3120 Cyprianus
766 2970 939 3118 eloquitur,
953 3031 1123 3117 aegerrime
1137 3050 1214 3093 cum
1229 3030 1272 3093 'sis

230 3134 477 3205 componantur,
493 3142 565 3205 quas
586 3140 671 3182 nunc
691 3117 862 3181 Cornelius
883 3117 923 3180 de
945 3116 1118 3180 Novatiani
1139 3113 1272 3178 ordina-

230 3218 302 3268 tore
317 3219 432 3268 narrat.
469 3205 599 3292 Quippe
609 3225 689 3267 cum
704 3203 919 3280 Antonianus,
935 3201 1144 3266 mendacibus
1156 3200 1270 3263 Noua-

230 3289 309 3354 tiani
329 3289 443 3355 litteris
465 3303 660 3367 commotus,
682 3311 703 3351 a
726 3288 891 3375 Cypriano
912 3286 1008 3350 scribi
1029 3285 1091 3350 sibi
1112 3284 1274 3371 petiisset,

234 3373 394 3439 Cornelius
407 3398 469 3463 quc
485 3375 606 3439 ratione
619 3373 784 3457 Trophimo
798 3384 829 3436 et
847 3371 1030 3458 thurpfcutr's
1045 3369 1276 3435 emmunim:
1307 3438 1312 3449 ,

230 3457 376 3524 rescribit
397 3461 424 3523 is
445 3461 562 3544 praesul
582 3483 614 3522 n.
633 3478 663 3536 9.
687 3457 873 3522 Cornelium
895 3455 985 3520 nullu
1007 3455 1116 3535 titani,
1137 3465 1176 3520 ut
1192 3455 1272 3543 qui·

232 3544 475 3628 domjacta'tunt,
487 3544 555 3608 lule
565 3543 755 3607 maculatum
768 3566 847 3622 esse,·
858 3542 911 3607 sed
921 3565 1019 3629 neque
1029 3563 1099 3606 cum
1109 3539 1273 3639 episcopis,

231 3631 287 3736 qui
304 3629 564 3715 saupfcoaemmt,
581 3629 882 3692 communicationem
898 3627 1084 3714 sacrilegam
1099 3625 1273 3691 miseratore.

236 3718 316 3779 Tum
334 3738 421 3778 num.
437 3730 484 3779 10.
500 3715 649 3802 subjicit3
673 3715 757 3777 Nom
777 3723 808 3776 et
825 3714 863 3776 de
877 3712 1053 3797 Trophimo,
1066 3712 1110 3775 ude
1127 3732 1188 3798 quo
1209 3708 1274 3775 tili

233 3800 324 3865 sarili
340 3800 530 3876 desiderasti,
543 3823 603 3864 non
617 3799 663 3863 ito
677 3821 724 3862 res
738 3808 794 3875 est,
807 3808 846 3860 -ut
861 3797 903 3860 ud
921 3809 954 3860 te
971 3796 1104 3882 pertulit
1118 3816 1229 3860 rumor
1240 3804 1274 3860 et

232 3884 427 3950 mendacium
442 3885 651 3972 malignorum
663 3932 670 3948 .
684 3932 692 3947 .
704 3932 711 3947 .
725 3885 874 3946 Tractotu
890 3881 957 3945 illie
970 3905 1040 3946 cum
1052 3880 1183 3968 collegia
1193 3879 1273 3978 plat·

232 3971 323 4036 rimis
338 3971 440 4034 habito
455 3982 611 4056 aresceptus
624 3981 669 4034 est
684 3971 714 4033 T
711 3968 879 4052 ropln'mus,
896 3983 953 4052 pra
977 3990 1034 4054 quo
1051 3963 1273 4051 -satr‘ssocrelct

191 4112 194 4116 .
222 4059 372 4145 fratrum
396 4057 512 4121 reditus
535 4068 566 4120 et
591 4059 737 4120 restituta
761 4053 929 4116 multorum
953 4053 1048 4116 sulus.
1086 4048 1142 4116 Sic
1165 4062 1274 4114 tumen

231 4154 390 4228 susceptus
410 4153 455 4206 est
472 4142 723 4227 Trophimus,·ut·
737 4138 834 4202 lateus
854 4138 1063 4216 eommunicet,
1081 4159 1143 4200 nan
1161 4156 1275 4200 somm-

232 4230 308 4295 dum
323 4228 407 4316 quod
425 4228 467 4296 ud
487 4239 518 4293 te
537 4225 755 4314 malignorumv
761 4223 879 4289 litterae
893 4221 1108 4308 pertulerunt,
1117 4218 1217 4308 parsi
1226 4220 1276 4286 ls-
