2678 4756
252 326 266 343 ι
304 304 357 372 ru
379 304 413 369 s.
434 286 561 370 rursu
583 292 716 368 Auru.
738 290 1038 371 insensum.
1121 305 1185 392 363

155 488 237 562 quos
251 472 349 540 babet
361 495 498 540 conones
513 475 606 540 codex
619 480 668 540 86.
694 474 846 562 Denique
859 472 900 539 de
913 473 1085 540 omissione
1099 475 1185 564 nug

154 574 233 626 ante·
241 567 406 643 ολησμονῆς
419 572 496 626 natu
508 562 652 646 proxime
666 581 802 648 sequens
814 559 948 624 videnda
961 572 1021 625 est.

200 647 234 709 P.
246 659 315 710 338.
331 647 352 710 1.
370 660 416 725 13,
438 651 512 728 μετὰ
530 648 708 732 πλησμονῆς]
730 645 827 734 Vulgo
847 649 921 728 μετὰ
941 645 988 709 ual
1008 650 1187 729 πλησμονῆς.

155 729 220 796 Sed
242 748 282 796 ox
303 731 493 796 auotoritste
513 732 658 796 omnium
682 731 865 817 soriptorurn
886 730 980 795 Bodl.
1000 744 1097 818 atque
1110 731 1186 797 *Na-

151 816 242 881 niani
262 815 373 881 codicis
392 817 581 903 particulam
602 819 651 882 nal
673 818 778 882 omisi.
823 816 973 903 Legerim
995 830 1101 881 tamen
1121 839 1185 903 ego

152 907 230 984 μετὰ
248 907 361 980 πολλῆς
385 905 452 979 ὠνῆς
474 925 526 967 nra
571 924 586 967 ο
606 902 706 989 pretio
733 924 792 990 pro
813 907 887 986 perd
910 908 1087 984 πλησμονῆς,
1108 923 1184 966 cum

152 987 226 1053 lroeo
247 988 342 1055 lectio
364 989 458 1052 nauci
479 991 523 1052 mi
549 990 559 1053 i
579 989 708 1075 quidem
731 987 883 1053 videatur.
927 987 1043 1078 Yertst,
1058 1002 1096 1053 ut
1112 1001 1187 1073 past

152 1072 228 1152 vidi,
243 1073 355 1138 radicis
369 1072 433 1137 Tit·
475 1073 487 1138 i
500 1075 665 1160 interpres,
680 1097 749 1138 cunr
767 1072 877 1137 multis
894 1072 1044 1160 pecuniis,
1056 1073 1134 1138 dum
1152 1074 1184 1139 in

152 1158 284 1224 ulterius
312 1159 450 1246 iuterpre
461 1159 491 1223 is
519 1158 760 1247 OEcolampudii
788 1159 938 1234 Versione
966 1171 998 1222 et
1026 1159 1059 1223 in
1087 1158 1187 1224 codiee

152 1243 247 1308 Bodl.
264 1258 330 1309 158.
345 1246 441 1309 verbu
454 1246 572 1310 omissa
586 1259 671 1310 sunt.
714 1246 825 1332 Atque
840 1246 886 1309 its
899 1245 1123 1342 interpretatus
1136 1258 1187 1309 ost

151 1331 185 1392 ri
205 1332 295 1396 ruam
317 1332 429 1396 Petrus
447 1330 695 1410 Alexandrinus,
710 1331 841 1395 verbum
862 1352 901 1394 ex
915 1331 1007 1393 Actus
1020 1329 1185 1414 Apostolo-

151 1437 224 1479 rum
246 1437 321 1480 mox
342 1437 363 1480 a
384 1438 418 1479 so
439 1415 584 1496 allatum,
599 1427 636 1482 ut
653 1417 697 1481 ob
716 1417 866 1482 Jasonem
888 1427 1085 1502 oaeterosquo
1103 1415 1186 1479 libe-

151 1501 270 1566 modos
288 1502 311 1565 ii
331 1502 466 1566 multam
485 1501 652 1588 pecuniam
673 1502 833 1588 accepisse
852 1501 1043 1580 dicerentur,
1059 1501 1114 1588 qui
1130 1523 1187 1566 eos

151 1585 195 1650 sd
215 1586 421 1673 magistratus
441 1587 619 1654 traxissent.
662 1588 779 1652 Verius
800 1601 908 1652 tamen
930 1586 1063 1652 fortasse
1084 1607 1186 1737 expo-

151 1671 294 1736 nendum
318 1672 362 1737 ibi
383 1671 512 1759 quidem
528 1675 561 1736 ri
584 1675 673 1737 ἱκανὸν
694 1684 754 1752 est,
776 1673 822 1738 uti
842 1671 910 1737 fieri
930 1672 1024 1750 solet,
1042 1692 1101 1759 per
1133 1695 1186 1738 or·

151 1756 275 1822 mulam
290 1757 461 1837 forensem,
476 1758 553 1824 satis
567 1759 714 1844 aceipm,
730 1757 789 1838 vel,
803 1757 882 1824 satis
901 1756 1036 1822 dandum
1055 1757 1113 1822 sibi
1132 1781 1186 1824 ου.

149 1862 234 1922 rare,
257 1842 291 1907 h.
308 1865 337 1907 e.
358 1843 480 1929 prades
499 1843 658 1924 sistendos,
684 1857 751 1924 aut,
775 1840 939 1929 pecaniam
964 1842 1184 1927 deponendam,

140 1927 294 2014 jubendo.
326 1929 424 1994 Certe
435 1929 649 1994 Tertullianus
661 1928 748 1994 haud
760 1927 917 2006 concedit,
929 1928 1080 1993 Jasonem
1093 1952 1187 1995 suos·

150 2030 217 2100 que
234 2014 264 2079 vi
285 2016 489 2101 pecuniarum
513 2015 732 2079 liberationem
755 2036 846 2080 suam
869 2013 1029 2093 debuisse,
1051 2014 1187 2081 interro·

150 2118 246 2186 gans,
271 2121 330 2187 quo
355 2099 493 2184 exemplo
518 2101 568 2164 usi
597 2101 714 2165 fuerint
742 2098 910 2165 adversarii
939 2098 974 2162 in
1000 2098 1185 2186 redemptio·
1230 2119 1240 2141 ⁸

151 2206 223 2250 neon
244 2185 450 2251 traditionis?
470 2185 601 2270 apostoli
615 2185 874 2273 persecutionibus
888 2183 1005 2272 agitati
1018 2187 1142 2273 quando
1154 2208 1188 2254 se

145 2270 282 2356 pecunia
304 2269 520 2351 liberaverunt,
545 2273 604 2337 &a
626 2272 750 2360 quando
773 2270 978 2371 Onesiphorus
994 2281 1050 2335 aut
1064 2271 1186 2360 Aquila

151 2366 209 2420 out
225 2356 396 2442 Stephanus
416 2356 470 2421 lsoc
488 2357 576 2421 ruodo
599 2356 643 2422 eis
663 2356 696 2422 in
712 2361 1186 2444 perseeutionesuecurrerunt?

151 2442 206 2517 De
227 2443 329 2544 Fuga.
342 2441 376 2507 in
399 2445 709 2530 Persecutorum.
745 2443 799 2508 sic
826 2443 892 2522 ille,
915 2441 1028 2530 majori
1054 2442 1184 2543 quidem

149 2526 282 2614 ingemo
303 2550 347 2591 vrr
366 2528 518 2615 preditus
540 2540 636 2615 utque
655 2525 834 2593 eruditione
857 2549 953 2616 quam
971 2527 1107 2615 judiam.
1150 2530 1185 2596 S.
1286 2549 1288 2562 ¹

151 2612 237 2677 Petri
266 2625 374 2680 autem
410 2612 613 2705 explicationi
648 2613 752 2678 fuvere
784 2613 866 2679 illud
897 2612 1058 2678 nonnullis
1089 2613 1186 2680 videri

146 2710 268 2784 potest,
290 2699 378 2784 quod
400 2699 433 2763 in
453 2699 621 2786 evangelio
641 2712 730 2765 extat
749 2700 836 2787 apud
858 2700 892 2765 S.
911 2700 999 2763 Mat.
1014 2698 1119 2765 xxviii.
1138 2715 1185 2765 12.
1278 2752 1281 2757 .

147 2781 303 2867 συμςέλιου
315 2781 445 2859 λαθόντες
459 2784 578 2870 ἆμγῦμα
592 2789 674 2851 tauro
689 2784 791 2849 ἔδωκαν
803 2791 860 2861 τοῖς
874 2785 1052 2873 ςςυτιώταυς.
1074 2785 1184 2850 Νἰ1111·
1290 2837 1295 2845 ,

147 2868 277 2933 ominus
291 2868 383 2935 aliter
398 2868 516 2936 habere
530 2891 580 2934 res
594 2869 728 2935 videtur.

458 3136 462 3143 .
522 3072 688 3141 CANON
714 3072 813 3139 XIII.

167 3238 170 3242 Δ
191 3204 227 3272 Ρ.
239 3207 348 3289 saul.
361 3220 392 3284 7.
413 3207 506 3272 πάλιν
519 3207 708 3292 συνήρπασαν]
727 3206 823 3270 Πάλιν
843 3228 884 3270 ox
904 3207 978 3308 quin
1002 3208 1186 3294 ue.seriptis

145 3293 339 3374 Bodleisnir,
350 3308 382 3358 ot
395 3303 495 3358 uetere
508 3292 676 3378 interprete
688 3291 953 3378 OEcolampsdro,
964 3230 1083 3372 oididi,
1096 3296 1184 3382 quod

145 3379 260 3445 soriboe
277 3381 556 3465 pretermiserunt,
571 3378 665 3447 obliti
685 3377 811 3465 injuriae
832 3378 866 3442 in
889 3379 979 3444 Pauli
998 3378 1184 3467 discipulos,

135 3486 219 3552 ,quae
233 3464 266 3528 iu
283 3464 416 3529 Osnoue
429 3465 511 3529 XII.
525 3474 779 3529 commemorata
791 3476 870 3529 erat.

189 3549 274 3614 Ibid.
290 3549 312 3614 l.
324 3564 353 3615 8.
376 3540 556 3636 βουλομένου]
573 3548 797 3636 Supplendum
811 3564 893 3636 puto
906 3550 954 3614 sal
975 3550 1184 3617 Hainoa'ante
1238 3567 1240 3571 '

143 3634 322 3717 βουλομένου.
347 3636 468 3700 'Habet
481 3635 545 3700 cod.
559 3642 609 3700 26.
625 3640 655 3700 od
668 3633 835 3718 βουλομένου,
849 3648 884 3701 st
898 3635 962 3700 eod.
980 3649 1047 3701 158.
1062 3637 1111 3700 uoti
1124 3640 1184 3718 βυ·
1314 3633 1316 3638 ”

143 3720 272 3803 topiros,
288 3721 634 3808 OEoolsmpadiusque‚
649 3732 680 3785 et
695 3719 855 3785 volemum}
891 3723 996 3787 Verso
1010 3721 1122 3786 ordine
1136 3723 1183 3787 le·

143 3818 270 3892 guntur
284 3807 378 3871 verbu
397 3807 431 3870 in
446 3807 511 3870 cod.
529 3807 586 3873 illo
606 3812 675 3871 625.
697 3824 772 3870 num
792 3826 853 3891 pro
875 3806 1025 3893 praessnti
1045 3807 1184 3872 lectione

143 3890 327 3974 συνεκδήμους
345 3893 465 3977 Πμῦλυυ
485 3888 641 3977 βυλομίυυ,
655 3892 688 3956 In
706 3911 747 3956 so
765 3892 918 3978 scriptum
937 3908 988 3958 est
1004 3893 1187 3975 συνεκδήμους

145 3979 177 4040 οὗ
190 3976 356 4059 βουλομένου
371 3978 503 4043 Παύλου.

155 4133 158 4137 ,
189 4060 274 4126 lbid.
286 4061 309 4125 l.
325 4075 372 4126 1⁵.
394 4063 573 4150 ωμοοέχυυσυ
587 4066 629 4150 τῷ
641 4062 769 4212 hippum]
781 4060 880 4128 Nonii
896 4059 979 4130 Cod.
997 4062 1072 4125 MS.
1085 4087 1183 4211 orsor-

145 4143 257 4234 ἔχουέσυ,
270 4151 312 4233 τῷ
325 4146 436 4233 λέγοντι
451 4149 651 4227 vuiiirnaas.
709 4163 790 4258 ecte.
825 4148 879 4213 Sic
899 4146 984 4247 enim
1006 4147 1101 4246 legen
1127 4170 1182 4213 um

143 4231 1185 4388 winili”iidt'litt‘iwiuiiffil'ililj
