2678 4756
387 605 433 698 s.
481 601 858 743 Lucrum

157 827 453 895 ANTIOCHENI
472 827 754 908 PRESBYTERI,
769 828 826 893 ET
840 825 1088 908 MARTYRIS‚
1191 825 1200 832 ’

101 1008 173 1075 QUI
192 1010 399 1066 VERGENTE
418 1008 471 1063 AD
496 1010 619 1064 FINEM
640 1010 792 1067 SAECULO
811 1010 951 1067 TERTIO
971 1008 1142 1075 FLORUIT,

454 1178 798 1254 FRAGMENTA.

530 1423 735 1461 *a

73 1615 92 1664 5
331 1596 463 1683 Eofine
477 1597 635 1682 Epistolae
648 1550 690 1666 cci
703 1600 919 1668 Antiochense

102 1732 384 1841 ΑΣΠΑΖΕΤΑΙ
402 1760 493 1864 ὑμῖις
510 1762 605 1876 >giges
622 1760 722 1848 inas
739 1763 819 1868 ’ὅμου
835 1759 1013 1879 μαρτύρων.
1064 1769 1143 1853 Xut-

54 1978 59 1991 ,
103 1895 315 2007 ψωζιμαι
333 1894 369 1976 ie*
385 1899 489 2001 iucif,
508 1902 554 1982 ὡς
566 1898 735 2008 ’Ἃιθιμος
752 1909 767 1981 i
785 1901 912 1985 ωιίπιις
931 1897 977 2008 rc}
994 1897 1039 1978 τέ
1051 1934 1143 2012 μοις·

102 2067 142 2111 τυ
159 2035 206 2111 iou
222 2028 330 2146 igo'ftqo
347 2032 536 2123 ἕτελεῖωθη.
584 2050 651 2108 Hoc
665 2061 746 2110 extet
759 2053 790 2110 iu
804 2053 936 2109 Chronico
950 2051 1079 2109 Pascboti
1092 2068 1143 2107 scu

102 2171 302 2239 Alexandrino,
315 2190 343 2249 p.
355 2172 424 2232 277
438 2173 482 2232 ed.
496 2172 652 2250 Ducangii.

58 2335 96 2385 ιο
145 2321 283 2381 Salutem
293 2321 538 2400 plurimamvobis
556 2325 598 2382 di·
648 2344 725 2381 mum
757 2343 863 2403 papum
895 2323 1024 2402 martyrii
1058 2341 1142 2385 cursu

105 2402 146 2457 cit
167 2404 315 2459 universus
337 2402 421 2460 simul
442 2414 598 2481 martyrum
647 2404 917 2484 perfectumfuisse.

53 2483 222 2544 ·cborus.
254 2482 369 2541 Nuntio
389 2483 471 2541 robis
492 2486 599 2543 Anthi·

448 2660 804 2702 ...q-...4⁵-

104 2799 240 2865 Lttcioni
258 2821 360 2865 corum
375 2799 526 2879 Proeside‚
540 2810 708 2887 antequam
726 2813 838 2882 possus
859 2799 913 2878 sit,
933 2797 1041 2863 bobilo
1063 2797 1145 2865 Ora·

104 2958 108 2963 -
149 2909 193 2973 tio
203 2937 215 2988 ,·
237 2932 333 2996 quam
351 2933 419 2974 suae
440 2909 576 2975 intexuit
594 2908 731 2975 Versioni
745 2908 901 2973 Historiae
915 2907 1146 2982 Ecclesiasticae

55 3031 95 3080 15
144 3019 278 3083 Eusehiz'
295 3019 424 3103 Rrfinus
438 3020 593 3103 interpres
599 3046 613 3097 ,·
634 3019 691 3085 lib.
704 3019 747 3084 ix.
763 3039 835 3104 cap.
848 3024 880 3083 6.
898 3031 979 3083 torn.
992 3018 1014 3082 i.
1028 3038 1061 3104 p.
1073 3032 1144 3083 5ι5.

147 3127 198 3190 ed.
211 3126 375 3190 Cocciorii.

149 3269 189 3332 Iri
203 3269 336 3334 occulto
350 3280 488 3349 nonest,
504 3268 592 3355 quod
607 3291 666 3334 nos
682 3267 857 3334 Christiani
877 3289 974 3355 quem
995 3267 1145 3349 colimus,

103 3378 198 3442 Deus
220 3399 304 3441 unus
330 3389 390 3456 est,
413 3397 469 3462 per
492 3375 660 3441 Christum
683 3377 777 3441 nobis
798 3375 1009 3440 annunciatus
1032 3386 1066 3440 et
1090 3397 1147 3462 per

104 3486 277 3591 Spiritum
277 3498 425 3550 sanctum
440 3486 557 3551 nostris
573 3487 749 3552 cordibus
740 3487 922 3575 rnspiratus.
954 3469 1048 3552 Νοιι
1048 3487 1148 3567 enim',

47 3595 191 3663 nosicut
216 3618 272 3660 vos
300 3596 432 3682 putatis,
459 3596 609 3663 humenae
636 3597 774 3686 alicujus
798 3598 1011 3697 persuasionis
1039 3620 1148 3665 errore

103 3691 372 3788 constringimur,
387 3725 446 3768 nec
460 3704 647 3786 indiscussa,
661 3720 699 3773 ut
713 3706 779 3786 elii,
793 3717 962 3809 parentum
977 3705 1149 3770 traditione

101 3802 294 3898 decipimur.
325 3812 453 3877 Auctor
467 3813 560 3877 nobis
575 3813 615 3877 de
630 3813 717 3894 Deo,
732 3815 824 3879 Deus
838 3826 899 3879 est.
927 3815 1045 3901 Neque
1059 3814 1146 3880 enirn

103 3933 216 4005 posset
229 3912 377 3986 sublimis
393 3918 448 3984 illa
462 3911 613 4008 majestas
633 3922 779 3986 sensibus
798 3921 949 3989 humane
968 3922 1086 3986 mentis
1107 3922 1148 3986 il·

102 4029 182 4109 labi,
194 4030 255 4093 nisi
268 4031 316 4095 vel
331 4030 460 4117 spiritus
472 4032 522 4097 sui
533 4033 649 4099 virtute
662 4034 778 4115 delata,
787 4034 836 4100 vel
849 4033 949 4098 Verbi
962 4055 999 4105 ac
1013 4034 1148 4120 Sapien-

51 4139 158 4204 25tiae
188 4161 256 4205 suae
282 4139 600 4228 interpretationibus
626 4143 776 4210 indicata·
820 4145 947 4221 Fateor,
976 4142 1148 4208 erravimus
