2678 4756
139 292 144 297 ·
227 271 402 339 Annon.
420 273 470 338 ru
487 269 676 337 conon.
691 269 897 338 umens.
913 268 1088 336 ennon.
1123 272 1187 358 4⁶3

100 368 139 425 Ι

100 430 107 441 ’
146 439 268 506 decimi
287 454 445 518 est,x1v.
466 452 593 504 tantum
610 438 760 504 Canones
781 438 1058 505 Neocaesarienses
1075 462 1188 507 receu-

143 543 271 591 sentnr.
310 526 341 590 ls
360 542 467 590 autem
484 547 618 591 numero
637 533 703 605 196.
720 527 746 590 si
773 538 939 591 natusest.
976 527 1087 591 Simile
1102 549 1188 613 prte-

144 625 237 677 stant
261 627 293 676 et
320 613 413 676 codes
440 610 678 676 Vindobonensis
703 549 894 676 hiliiotlrecae
921 631 1027 677 xsrv.
1054 612 1187 683 secund.

143 719 303 761 numeros
328 697 452 762 Kollor.
478 697 534 783 qui
560 713 611 762 est
640 697 786 785 Synodici
811 720 883 783 pars
909 698 1018 783 prior3
1048 700 1187 786 Symeo-

145 783 264 868 nisque
280 785 428 867 Epitornc
442 785 600 848 &nonum
615 783 648 846 in
663 797 754 848 tomo
768 784 803 847 ii.
818 783 968 848 Bibliott.
982 787 1053 848 Jur.
1071 786 1188 850 Conon.

148 869 220 933 Vet.
237 892 269 954 p.
282 881 351 944 724.
395 870 606 954 Eundemque
627 883 817 954 computum
840 892 859 933 a
880 869 997 934 Photio
1018 869 1051 934 in
1072 870 1189 934 Nomo-

144 975 264 1019 cnnone
284 970 443 1019 servatum
459 955 568 1032 fuisse,
583 954 723 1018 ostendit
737 955 880 1020 Jacobns
898 955 1139 1021 Leschasserius
1154 955 1188 1022 iu

147 1040 384 1105 Consultatione
399 1057 490 1104 torno
506 1041 610 1125 primo
625 1041 752 1127 praefixa
765 1041 868 1127 ejusd.
881 1041 1084 1105 Bibliothecae
1095 1063 1127 1126 p.
1141 1056 1188 1107 13.

146 1147 248 1211 quern
264 1126 345 1190 infra
359 1127 453 1193 attuli
470 1127 530 1189 hac
548 1127 588 1190 de
610 1150 643 1189 re
664 1126 869 1192 disserentem
886 1127 927 1190 ad
944 1127 1071 1191 Canon.
1087 1128 1187 1192 XIII.
1218 1174 1241 1203 ,.,.

145 1210 249 1275 Porro
265 1211 318 1275 hic
335 1212 449 1276 Canon
466 1226 563 1298 atque
584 1234 656 1298 pars
676 1210 747 1298 ejus
768 1213 926 1298 posterior
942 1213 975 1277 in
995 1235 1094 1277 unum
1111 1235 1188 1278 coa·
1220 1202 1244 1225 '³

144 1295 275 1363 lucrant
301 1299 333 1361 in
358 1298 489 1363 loannis
513 1297 709 1361 Antiocheni
737 1298 895 1362 Cunnum
924 1298 1108 1363 collectione
1131 1320 1189 1367 seu

145 1382 295 1468 Digesto,
313 1384 462 1447 vicesimo
482 1384 586 1468 primo
608 1383 719 1447 Titulo
743 1382 965 1464 Collectiouis,
985 1385 1044 1448 etsi
1068 1385 1099 1449 iu
1122 1386 1188 1451 Tit.

147 1490 269 1533 xx111.
286 1468 400 1533 Canon
417 1469 550 1534 ultimus
564 1491 620 1553 per
635 1491 787 1548 errorem,
802 1470 884 1533 utin
899 1470 1011 1535 erratis
1025 1470 1067 1534 cl.
1082 1471 1188 1536 edito*

145 1577 200 1619 res
214 1553 301 1619 duris
319 1556 435 1618 Canon.
452 1554 654 1619 Bibliothecae
669 1570 874 1634 monuerunt,
888 1554 930 1619 α’.
944 1578 1010 1620 non
1023 1556 1067 1620 sl.
1081 1557 1189 1644 desig·

146 1653 316 1705 natusest.
343 1639 406 1704 Sed
422 1642 506 1704 enim
524 1640 643 1724 legitur
657 1639 700 1706 sl.
716 1641 749 1704 in
763 1641 894 1706 Joannis
908 1642 954 1706 M
953 1642 1006 1706 Sto
1020 1642 1188 1709 Bodleiano

147 1747 240 1789 num.
256 1733 310 1790 86.
325 1727 463 1812 signato,
477 1728 510 1790 in
526 1749 592 1811 quo
607 1727 739 1811 quidem
755 1726 867 1791 codice
884 1727 970 1793 haud
985 1728 1086 1792 semel
1101 1730 1189 1817 posi÷

145 1825 219 1876 tum
239 1809 281 1875 de
302 1811 351 1875 his
372 1813 548 1877 canonibus
567 1813 717 1887 invenias,
732 1813 783 1874 εἰσί
801 1814 829 1876 δὲ
844 1816 881 1876 τοὶ
898 1818 1039 1895 suessula
1053 1815 1125 1879 τίτσ
1175 1842 1189 1890 ς

145 1896 196 1977 καί
211 1895 289 1960 δέκα.
320 1897 406 1961 Cum
421 1919 496 1960 vero
509 1914 625 1982 praeter
641 1919 762 1961 morem
777 1920 880 1962 canon
893 1899 1088 1984 penultimus
1106 1901 1138 1964 bi
1151 1922 1189 1965 s·

145 1985 229 2047 riam
251 1983 370 2048 divisus
391 1984 504 2048 fuisset
526 1985 558 2047 in
581 1983 726 2066 Epitorne
745 1984 914 2063 Cononem,
953 1983 986 2049 ui
1006 1985 1047 2049 ab
1068 1984 1189 2051 Hadri·

145 2090 212 2132 ano
229 2069 256 2132 I.
274 2067 394 2134 Carolo
413 2070 465 2132 M.
489 2070 603 2132 Romae
625 2068 726 2132 oblati
748 2081 834 2148 sunt,
850 2007 1032 2156 quindecim
1048 2088 1189 2139 canones

144 2154 291 2238 epitome
304 2154 360 2219 illa
373 2154 544 2232 recensuit,
561 2155 771 2219 renitentibus
792 2155 862 2220 aliis
883 2156 1044 2234 omnibus,
1060 2173 1098 2221 ut
1110 2157 1189 2239 dixi,

144 2239 284 2306 Latinis.
312 2240 389 2305 Vid.
403 2254 484 2304 tom.
497 2240 548 2305 vii.
567 2239 683 2305 Concil.
697 2262 736 2305 ex
749 2241 801 2305 ed.
817 2238 928 2307 Lnbbe
940 2256 974 2307 et
989 2241 1134 2309 Cossart.

555 2446 721 2514 CANON
751 2448 779 2512 I.

192 2585 227 2650 P.
240 2598 310 2662 457.
325 2586 347 2650 l.
362 2600 409 2649 10.
432 2585 514 2648 αὐτὸν
524 2583 732 2667 markelies]
745 2584 891 2648 Posuisse
903 2607 939 2661 se
950 2585 1077 2651 monuit
1088 2586 1191 2653 Bere·

145 2672 257 2758 regius
278 2695 316 2735 ex
339 2671 435 2735 codd.
455 2669 717 2736 Amerbachiano
735 2686 769 2735 et
785 2670 963 2736 Bodleiano
982 2672 1050 2780 (qui
1064 2687 1113 2740 est
1128 2696 1190 2739 nu·

144 2779 239 2821 mero
255 2772 326 2820 205.
348 2756 548 2843 designatus)
572 2757 755 2841 desumpta,
775 2761 1079 2839 adremuneraretur,
1100 2772 1135 2822 et
1156 2759 1189 2825 iu

144 2843 357 2928 sequentibus
373 2845 519 2920 ἐξαθεῖθω
533 2865 593 2928 pro
607 2843 760 2920 ἐξῶθαθα
773 2843 1103 2929 αὐτὸν,ε1ἄγίθαρτο
1117 2843 1189 2928 ἄγε·

144 2933 205 3005 θα
219 2928 312 2992 αὐτόν.
356 2928 420 2991 Sed
432 2927 530 2991 'verba
549 2945 688 3013 recepta,
704 2949 777 3012 quae
791 2948 831 2990 ex
844 2927 997 3013 loquendi
1012 2943 1188 2993 consuetu-

143 3013 222 3078 dine
240 3013 367 3099 legibus
389 3029 423 3078 et
444 3013 620 3077 canonibus
639 3012 783 3076 solennia
800 3025 887 3090 sunt,
903 3011 1077 3077 subaudito
1091 3014 1188 3077 nimi·

143 3122 219 3164 rum
243 3115 317 3184 post
337 3098 471 3163 modum
489 3098 676 3163 infinitivum
696 3096 794 3175 ἔδοξεν,
810 3097 893 3162 utin
909 3095 1040 3162 concilii
1056 3098 1186 3163 Clrnlce·

144 3185 289 3248 dunensis
313 3207 437 3248 canone
467 3185 615 3248 vicesimo
643 3184 826 3282 suppletum
855 3196 914 3261 est,
941 3198 1093 3269 praestant
1122 3206 1187 3249 non

144 3270 248 3335 modo
278 3285 404 3334 caeterae
433 3269 638 3334 conciliorum
664 3268 835 3346 edniones,
861 3268 980 3353 pariter
1008 3284 1106 3355 atque
1133 3270 1192 3336 illa·

144 3355 320 3433 Harduini‚
335 3378 433 3442 quam
448 3354 635 3432 editionem,
653 3352 710 3418 sed
728 3369 917 3431 correctam,
934 3376 1061 3440 sequor,
1078 3377 1188 3420 verum

144 3443 243 3506 etiam
257 3441 360 3505 codes
372 3442 530 3505 Cononem
541 3439 662 3504 Eccles
670 3439 889 3517 Justellianus,
899 3441 1033 3504 Joannes
1042 3441 1189 3506 Antioclr.

149 3525 376 3612 Bodleiunique
395 3549 450 3590 sea
468 3527 580 3590 saltem
596 3547 746 3589 cuneatum
760 3525 977 3609 manuscripti,
992 3547 1066 3590 nam
1085 3527 1118 3591 in
1139 3549 1191 3592 co·

145 3612 213 3676 dice
236 3619 304 3690 196.
323 3611 378 3677 ubi
397 3616 471 3674 αὐτῦ
488 3627 587 3687 extat,
600 3611 794 3692 μετατίθεθα
812 3624 919 3674 tamen
940 3626 1105 3675 exaratum
1126 3625 1189 3678 est.

146 3697 301 3784 Corrigas
323 3697 504 3777 interca-ex
526 3698 658 3761 Joannis
681 3694 876 3760 Antiocheni
899 3696 996 3760 MSto
1020 3697 1188 3762 Bodleiano

143 3782 265 3855 librum
280 3782 417 3859 editum,
433 3783 465 3845 ln
482 3805 548 3867 quo
568 3781 775 3845 κατατίθεσθαι
798 3803 856 3866 pro
876 3782 1083 3863 μετατίθεσθαι
1105 3783 1189 3847 male

143 3869 289 3954 positum
317 3884 389 3946 est;
415 3882 633 3932 verumtamen
660 3867 743 3930 idern
767 3889 855 3930 error
874 3868 972 3931 etiam
994 3868 1089 3931 codici
1109 3870 1188 3934 MS.

143 3968 237 4030 5571.
252 3954 400 4031 inhaeret,
413 3975 486 4038 quae
502 3953 633 4039 quidem
649 3952 800 4016 collectio
820 3975 981 4018 canonum
1000 3975 1114 4018 manca
1128 3968 1190 4034 est,

143 4039 201 4104 sed
217 4039 365 4140 ejusdem
383 4040 519 4103 fortasse
533 4038 678 4103 Joannis.
957 4123 964 4136 ⁶

188 4124 379 4203 Ibrd.l.12.
401 4124 572 4209 μετάνοιαν]
596 4126 732 4187 Zonarae
755 4123 1022 4188 Commenturms:
1044 4126 1114 4187 Ἐὰν
1128 4124 1188 4208 γά·

142 4236 194 4294 μου
212 4213 326 4295 romnis
345 4210 429 4297 ττίχα
448 4213 537 4296 lausqi
556 4208 1192 4317 wprcdrirtpefcurandis,1stcarlieruqsic
