2678 4756
297 263 514 335 corveis.
543 265 810 333 carruae.
834 269 896 336 rv.
1075 271 1118 353 ⁸¹-

72 435 247 526 episcopus
269 436 432 525 deligatur
448 437 548 525 plebe
569 452 739 525 praesente,
760 462 834 526 quae
854 440 1056 528 singulorum
1070 439 1120 506 vi'e'
1144 505 1146 509 ,

72 562 140 615 tam
155 546 340 635 plenissime
355 549 445 613 novit
459 562 493 614 et
506 549 759 637 uniuscujusque
774 564 884 615 actum
899 551 940 615 de
955 551 1024 638 ejus
1036 573 1116 616 con-

71 656 248 744 versatione
268 656 441 745 perspexit.
457 685 460 689 ·
485 655 587 723 Quod
609 669 643 720 et
663 655 751 744 apud
765 681 821 725 vos
835 659 959 725 factum
973 659 1118 725 videmus
1147 668 1153 681 '

69 765 103 829 in
127 766 238 831 Sabini
259 767 397 852 collegae
421 767 521 832 nostri
539 765 754 852 ordinatione,
768 782 806 834 ut
824 769 866 834 de
884 770 1037 835 universa
1051 771 1116 853 fra-

39 873 228 966 stemitatis
254 882 420 967 suffragio
433 895 468 946 et
491 881 532 946 de
559 881 787 968 episcoporum
812 881 925 970 quiin
948 881 1118 968 praesentia

68 1008 298 1072 convenerant,
312 994 433 1080 quique
448 992 489 1058 de
503 1015 544 1058 eo
558 992 601 1058 ad
615 1015 669 1058 vos
683 992 807 1058 litteras
823 993 975 1072 fecerant,
989 991 1117 1080 judicio

67 1102 274 1189 episcopatus
293 1104 325 1169 ei
345 1103 521 1170 deferretur
540 1117 574 1168 et
595 1125 710 1168 manus
732 1103 763 1168 ei
782 1103 817 1168 in
837 1103 947 1167 locum
965 1101 1116 1167 Basilidis

66 1210 301 1297 imponeretur.
344 1215 419 1278 Nec
439 1212 619 1278 rescindere
641 1212 875 1277 ordinationem
893 1211 969 1298 jure
990 1210 1116 1296 persee-

14 1310 20 1325 ’
68 1333 137 1387 tam
164 1333 273 1406 potest
298 1320 387 1407 quod
412 1321 569 1386 Basilides
594 1333 672 1408 post
694 1320 830 1385 crimina
855 1342 913 1385 sua
934 1320 1063 1393 detecta
1083 1333 1118 1386 et

13 1449 62 1507 ,ιο
68 1431 301 1510 conscientiam
316 1433 414 1495 etiam
429 1432 559 1517 propria
576 1431 777 1496 confessione
799 1430 952 1494 nudatam
977 1431 1116 1496 Romam

67 1560 208 1625 pergens
227 1540 428 1627 Stephanum
450 1542 611 1628 collegam
634 1554 782 1605 nostrum
801 1539 900 1626 longe
920 1540 1064 1625 positum
1083 1552 1117 1605 et

66 1661 172 1734 gestae
186 1649 232 1712 rei
246 1671 284 1713 ac
299 1649 440 1714 veritatis
458 1651 607 1734 ignarum
616 1649 748 1730 ¹fefellit,
763 1662 799 1713 ut
814 1648 991 1715 exambiret
999 1648 1117 1736 ¹reponi

67 1778 103 1820 se
125 1756 246 1843 injuste
265 1757 299 1822 in
318 1759 540 1844 episcopatum
565 1758 606 1823 de
628 1780 694 1845 quo
717 1759 822 1825 fuerat
839 1758 914 1846 jure
928 1758 1116 1845 depositus.

68 1864 146 1943 Hoc
161 1887 202 1929 eo
217 1851 356 1953 pertinet
378 1881 416 1932 ut
437 1867 585 1933 Basilidis
610 1890 674 1931 non
700 1881 765 1931 tam
792 1867 914 1933 abolita
933 1868 998 1932 sint
1016 1888 1116 1957 quam

18 1976 235 2045 lecumulata
250 1975 378 2056 delicta,
390 1989 428 2041 ut
443 1976 485 2042 ad
500 1976 665 2063 superiora
678 1988 811 2062 peccata
826 1975 896 2064 ejus
912 1976 1008 2041 etiam
1021 1976 1115 2041 falla·

67 2085 128 2149 ciae
151 2097 185 2149 et
205 2085 484 2165 circumventionis
507 2088 628 2150 crimen
649 2085 830 2163 accesserit.
886 2087 1005 2171 Neque
1027 2085 1114 2151 enim

67 2208 137 2261 tam
152 2194 331 2280 culpandus
344 2207 393 2259 est
408 2195 462 2260 ille
476 2195 530 2261 cui
545 2195 747 2282 negligenter
761 2194 935 2280 obreptum
950 2205 1000 2258 est
1015 2215 1114 2280 quam

65 2301 334 2383 hie'execrandus
357 2305 413 2392 qui
431 2303 653 2370 fraudulenter
674 2303 828 2390 obrepsit.
872 2303 1039 2388 Obrepere
1053 2325 1114 2369 au-

41 2434 47 2443 ·
67 2425 137 2478 tem
159 2412 187 2477 si
206 2413 393 2479 hominibus
410 2413 568 2482 Basilides
587 2413 706 2501 potuit,
721 2413 797 2478 Deo
819 2434 884 2478 non
903 2423 1022 2498 potest,
1037 2434 1114 2479 cum

11 2521 226 2609 suscriptum
240 2523 302 2588 sit:
325 2524 435 2589 tneor
450 2546 510 2588 raon
524 2522 693 2603 deridetur.
739 2522 803 2587 Sed
817 2543 876 2587 nec
894 2522 1039 2587 Martiali
1050 2543 1114 2608 po·

67 2642 134 2697 test
151 2631 312 2717 proluisse
329 2632 535 2720 fallaciaque
551 2618 657 2698 minus
672 2634 739 2719 ipse
754 2653 883 2719 quoque
897 2631 1022 2696 delictis
1036 2653 1113 2718 gra·

65 2740 160 2805 vibus
174 2740 339 2807 involutus
352 2742 577 2829 episcopatum
592 2754 700 2806 tenere
715 2763 779 2806 non
794 2741 920 2821 debeat,
936 2740 1066 2828 quando
1081 2753 1116 2806 et

65 2851 235 2937 apostolus
259 2864 390 2917 moneat
411 2866 446 2917 et
467 2852 574 2917 dieat:
604 2850 825 2937 aepiscopum,
838 2860 954 2936 oportet
970 2872 1034 2916 erre
1048 2849 1115 2914 sins

65 2957 206 3039 erimine,
221 2959 313 3049 quasi
326 2960 390 3026 Dei
405 2960 657 3046 dispensatorem.
702 2947 909 3048 Quapropter
924 2981 1012 3039 cum,
1029 2959 1115 3025 sicut

10 3086 54 3145 ,π
65 3067 249 3155 scripsistis,
263 3069 376 3135 fratres
391 3069 603 3150 dilectissimi,
619 3081 653 3134 et
675 3082 712 3134 ut
732 3069 822 3134 Felix
835 3081 869 3134 et
889 3069 1028 3134 Sabinus
1043 3067 1114 3133 col·

64 3175 152 3263 legas
172 3177 273 3243 nostri
287 3192 478 3259 asseverant,
492 3192 594 3266 utque
607 3177 689 3244 alius
704 3177 794 3242 Felix
807 3174 1113 3264 de'Caesaraugusta
1193 3172 1198 3201 ¹

65 3270 141 3350 fidei
153 3285 262 3369 cultor
274 3308 313 3352 ac
329 3286 479 3354 defensor
494 3288 632 3354 veritatis
647 3287 762 3365 litteris
778 3285 843 3353 suis
859 3286 1030 3374 signifieat,
1046 3287 1112 3351 Ba·
1152 3284 1154 3289 ’

63 3393 176 3461 rilides
186 3408 222 3461 et
233 3395 395 3463 Martialis
410 3397 549 3463 nefando
565 3396 757 3462 idololatria
772 3394 883 3461 libello
897 3395 1112 3465 contaminati

63 3504 143 3586 sint,
155 3505 312 3587 Basilides
326 3507 432 3583 adhuc
446 3509 587 3595 insuper,
600 3524 717 3595 praeter
731 3508 832 3575 libelli
847 3510 1020 3590 maculam,
1033 3531 1110 3577 cum

13 3615 97 3699 Boin
110 3614 299 3681 infirmitate
312 3615 532 3699 decumberet,
547 3617 581 3682 in
601 3617 710 3683 Deum
735 3617 1007 3704 blasphemaverit
1023 3633 1057 3689 et
1076 3641 1111 3684 se

61 3724 307 3813 blasphemasse
321 3727 487 3806 confessus
503 3728 556 3808 sit,
571 3740 605 3793 et
621 3727 841 3814 episcopatum
862 3750 922 3813 pro
942 3728 1111 3807 conscien·
1163 3740 1170 3755 ⁸

60 3833 118 3901 tite
128 3855 198 3915 ause
208 3835 338 3916 vulnere
350 3848 465 3923 sponte
477 3836 642 3924 deponens
655 3836 698 3900 ad
713 3836 872 3922 agendam
886 3837 1111 3924 poenitentiam

59 3964 237 4025 conversus
251 3944 306 4024 sit,
318 3944 429 4010 Deum
454 3944 641 4031 deprecans,
659 3958 693 4011 et
716 3929 792 4011 satis
814 3947 980 4032 gratulans
1001 3947 1028 4014 si
1048 3945 1110 4027 sibi

325 4179 338 4208 ²
355 4175 411 4233 Gal.
422 4176 455 4223 vi.
467 4182 492 4232 7.
711 4185 723 4210 ⁸
737 4174 788 4224 Tit.
800 4175 816 4222 i.
830 4183 853 4231 7.

103 4268 199 4316 vot..
216 4271 279 4318 111.
592 4273 616 4318 G
