2678 4756
241 318 294 385 ru
315 316 349 383 s.
372 316 590 385 conumu
613 315 908 384 rmcusurn.
1049 330 1091 402 55

57 486 102 553 tis
125 508 202 555 cura
221 487 328 575 plures
350 487 476 557 labores
498 487 660 589 suscipiat,
683 510 748 552 non
772 499 879 551 autem
903 483 992 573 quod
1017 484 1090 571 plus

58 571 190 637 bonoria
204 572 355 660 requirat.
398 574 520 639 Omnes
541 595 624 637 enim
648 586 801 661 tanquam
823 571 958 637 domum
981 592 1089 648 unam,

58 656 226 723 ecclesiam
242 659 405 738 habitare3
427 679 540 723 omnes
562 671 597 722 ut
620 680 719 723 unum
742 680 858 757 corpus
873 658 1005 721 affectos
1018 676 1090 721 esse

58 744 217 807 convenit.
260 744 409 831 Denique
431 742 512 807 adeo
535 744 746 808 necessarium
769 743 831 807 furt
853 741 954 827 plebis
977 742 1091 807 suffra·

57 828 151 912 glum
172 828 206 892 in
226 829 383 893 electione
404 829 675 915 presbyterorum,
691 841 728 893 ut
749 848 968 914 saepenumero
985 827 1018 892 in
1035 846 1098 911 ec·-

25 953 31 965 ·
57 911 157 977 clesia
171 913 262 999 plebs
277 914 484 978 tumultuosis
499 914 776 978 vociferationibus
795 912 890 1001 presb
916 926 1019 976 terum
1033 910 1092 975 ali·

58 1020 155 1083 quem
178 998 246 1062 fieri
267 999 442 1084 postularet
462 1014 497 1063 et
516 1010 657 1148 cogeret.
700 998 801 1099 Quod
826 935 955 1083 quidem
982 997 1091 1061 Barci-

58 1104 143 1147 none
164 1082 225 1147 sibi
246 1084 386 1148 evenisse
406 1097 540 1149 testatur
580 1082 704 1149 aulinus
723 1106 756 1149 1n
777 1082 921 1169 Epistola
941 1098 1029 1147 sexta
1048 1080 1091 1147 ad

58 1167 223 1233 Severum.
268 1167 358 1231 Idem
379 1167 420 1232 de
442 1169 571 1234 Piniano
586 1168 714 1233 Albinae
734 1166 800 1233 filio
822 1167 917 1233 refert
933 1167 1093 1253 Augusti·

58 1272 119 1315 nus
139 1253 173 1317 in
192 1253 295 1339 Epist.
310 1266 380 1317 225.
402 1252 442 1316 ad
464 1253 627 1319 Albinam.
652 1256 744 1320 ·Jam
768 1275 842 1317 vero
863 1252 940 1317 cleri
961 1272 1091 1339 quoque

58 1358 249 1403 consensum
269 1338 310 1403 ud
332 1339 394 1403 hoc
414 1338 513 1403 fuisse
535 1340 746 1404 necessarium
767 1338 863 1403 docet
876 1353 966 1403 vetus
981 1353 1093 1405 auctor

56 1422 284 1569 guaesuouuru
301 1422 413 1487 veteris
427 1438 460 1488 et
471 1424 544 1488 novi
557 1424 755 1489 Testamenti
770 1446 841 1511 cap.
856 1438 923 1489 101.
943 1422 998 1487 ubi
1014 1421 1092 1489 scri·

82 1522 107 1572 rt
120 1508 343 1607 presbyterum
365 1509 420 1597 qui
440 1508 633 1575 ordinandus
651 1524 713 1588 est,
724 1508 860 1609 perduci
874 1531 893 1573 a
907 1508 1044 1573 diacono
1059 1520 1093 1573 et

59 1591 167 1656 offerri
181 1614 355 1691 episcop03
378 1605 411 1659 et
425 1594 486 1657 sub
502 1594 686 1660 testimonio
700 1594 826 1659 meconi
843 1592 994 1659 ordinari.
1033 1594 1095 1658 sed

60 1677 243 1752 testimonio,
264 1678 378 1765 inquit,
401 1678 521 1743 diaconi
531 1678 580 1764 fit
599 1680 768 1767 presbyter.
811 1682 854 1744 Et
875 1678 973 1765 paulo
997 1693 1090 1765 post:

56 1763 268 1844 perducuntur
281 1764 362 1828 euim
428 1764 440 1826 i
462 1765 624 1829 ordinandi
643 1776 726 1843 sunt,
740 1777 776 1829 ut
794 1764 866 1829 dum
883 1763 975 1829 lateri
988 1786 1094 1829 eorum

59 1846 238 1930 septi-sunt,
253 1849 363 1912 bonore
375 1785 464 1937 signi
479 1849 653 1915 uideantur.
683 1852 795 1915 Fateor
798 1849 889 1936 facti
902 1872 1005 1914 summ
1019 1872 1092 1931 esse,

59 1931 114 1994 sed
171 1932 218 1997 asi
233 1932 382 2017 ficietis
405 1935 455 1999 At
466 1935 604 2020 episcopo
618 1936 700 2001 enim
714 1934 854 2001 mittitur
866 1944 903 1998 ut
918 1934 1092 2023 obsequium

56 1954 198 2100 praeiiut
212 2018 390 2083 ordinando.
433 2022 553 2084 Totum
576 2042 648 2086 vero
670 2022 756 2087 bunc
777 2020 873 2085 ritum
895 2020 1016 2106 optime
1036 2020 1093 2084 de·

59 2101 214 2187 scriptum
239 2103 394 2169 habemus
410 2105 443 2170 in
456 2106 709 2171 Sacramentario
724 2107 791 2170 Gre
816 2106 875 2170 orii
894 2105 1003 2193 magni
1016 2126 1093 2193 pag.

59 2192 131 2250 2³6.
153 2188 194 2252 ad
215 2210 310 2275 quem
334 2190 442 2254 locum
464 2188 534 2254 vide
554 2213 627 2277 quae
650 2191 770 2258 notavit
791 2128 894 2277 ilugo
916 2190 1094 2255 Menardus

60 2271 109 2336 vir
124 2271 338 2339 doctissimus.
360 2276 567 2340 Vinusrus.

107 2358 141 2421 P.
156 2370 202 2422 14.
218 2358 302 2423 l.10.
324 2360 366 2423 ἐπὶ
382 2360 487 2445 κλίνης]
503 2364 529 2425 lv
543 2361 620 2448 κλίνῃ
633 2360 680 2425 ed.
693 2358 801 2446 Stepb.
812 2354 987 2427 ‘Sruorru
1010 2360 1095 2426 Mox

63 2444 71 2464 ’
95 2442 230 2589 optma
245 2444 321 2508 MS.
336 2442 475 2530 Norfolc.

107 2528 118 2589 l
145 2527 190 2592 id.
212 2527 235 2592 l.
253 2544 300 2592 11.
322 2534 358 2604 εἰς
380 2536 477 2617 κλῆρον
498 2535 560 2594 τινὰ
581 2528 714 2615 γενέθαι]
740 2536 849 2618 Κλῆρος
870 2528 1014 2595 ordinem
1037 2552 1094 2596 seu

121 2610 198 2677 dum
213 2614 372 2701 significat
385 2615 551 2680 ministerii
565 2614 780 2681 ecclesiastici.
826 2616 877 2678 Ita
890 2620 988 2701 κλῆρον
1006 2640 1092 2701 aper·

59 2632 184 2785 iubete
199 2699 296 2784 paulo
310 2714 384 2763 ante
399 2699 568 2765 Cornelius
585 2700 675 2780 dixit,
690 2714 722 2766 et
742 2705 841 2789 κλῆρον
861 2702 1006 2777 ἐπισκοπῆς
1028 2722 1093 2766 non

61 2782 160 2845 semel
176 2796 268 2847 vocat
282 2784 438 2848 Eusebius
454 2798 486 2849 et
501 2786 651 2849 irenaeus.
678 2787 791 2871 ltaque
808 2784 957 2848 hocloco
974 2790 1009 2859 εἰς
1024 2792 1094 2865 κλῇ·

60 2866 106 2950 pe'r
117 2892 191 2945 τινα,
205 2868 237 2932 id
253 2886 302 2932 est
315 2870 347 2932 in
362 2891 566 2956 quocumque
580 2871 678 2934 clero.
720 2870 917 2957 Epiphanius
933 2870 964 2933 in
977 2866 1094 2936 heresi

61 2950 325 3017 Meletianorum.
349 2960 372 3017 ol
389 2956 416 3017 li
432 2956 485 3017 ἀπὸ
508 2964 642 3041 stipatur
660 2955 714 3018 ὑπ’
757 2982 829 3029 οντες
845 2955 967 3042 διαφέρου
982 2957 1094 3043 κλήρου,

61 3034 207 3123 opaciore
224 3038 263 3101 iou
277 3065 307 3101 ra
322 3040 369 3101 nul
384 3038 519 3113 διακονίας
535 3041 581 3103 καὶ
597 3038 701 3119 ἄλλων.
767 3040 954 3105 ertullieuus
975 3054 1094 3106 sortem

61 3132 166 3185 vocat.
200 3065 253 3186 gie
268 3124 352 3187 enim
367 3124 399 3187 in
414 3124 498 3189 libro
513 3124 552 3188 de
567 3122 742 3213 virginibus
757 3124 909 3190 velandis.
939 3125 1008 3191 Non
1021 3140 1094 3210 per-

61 3204 203 3269 mittitur
222 3207 346 3271 muiieri
367 3208 400 3271 in
421 3208 545 3273 ecclesia
569 3208 665 3307 loqui,
679 3210 731 3274 sed
751 3233 806 3275 nee
826 3210 939 3287 duone,
956 3231 1011 3272 uec
1032 3210 1094 3275 tin-

59 3310 167 3377 guere,
180 3312 234 3355 nee
248 3290 367 3377 qfferru
379 3315 433 3357 nec
446 3292 543 3358 ullius
556 3293 658 3359 uirilis
670 3294 816 3372 muueris,
828 3294 940 3361 nedum
954 3294 1093 3360 sacerdo-

62 3374 139 3438 talis
163 3375 255 3461 officii
272 3388 381 3441 sortem
403 3377 461 3441 sili
482 3378 651 3443 vendicare.
695 3378 747 3443 sic
767 3394 853 3445 certe
877 3380 909 3442 lo
934 3378 1019 3443 uitur
1040 3402 1093 3445 ve-

61 3474 116 3525 tus
127 3476 241 3525 auctor
250 3460 294 3525 de
308 3462 467 3526 hereticis
479 3486 543 3527 non
557 3463 801 3550 rebaptizandis.
837 3401 931 3551 Quod
940 3485 1009 3527 crem
1019 3460 1092 3529 rut-

61 3544 128 3609 lunt
139 3566 228 3610 snnae
236 3545 496 3696 mentisffleiium
511 3559 621 3628 tenere,
631 3549 681 3612 uel
693 3549 829 3614 maxime
839 3548 962 3612 nulium
972 3550 1093 3615 omnino

62 3630 97 3693 in
119 3650 342 3717 quocumquec
388 3656 404 3697 o
426 3632 635 3711 constitutum,
657 3655 694 3697 uc
711 3633 807 3698 multo
825 3656 877 3696 mu
902 3634 927 3697 is
941 3634 1093 3721 episcopo·

61 3736 133 3778 rum
147 3714 258 3779 audere
271 3716 386 3781 deceat.
430 3719 550 3781 Rursus
565 3718 595 3781 in
611 3718 725 3783 eodem
741 3719 834 3782 libro.
872 3656 971 3783 immo
992 3721 1095 3807 magis

62 3798 120 3863 loe
136 3799 259 3864 nomine
274 3801 369 3865 etium
390 3812 544 3878 oneratur,
565 3802 636 3867 iicet
646 3802 753 3888 suerit
775 3814 868 3867 autea
876 3801 1094 3889 fidelissimus,

61 3894 120 3948 aut
135 3883 170 3947 in
184 3884 261 3948 clero
278 3884 381 3973 aliquo
396 3886 589 3951 constitutus.
634 3887 723 3952 ldem
739 3889 875 3973 scriptor
889 3888 1010 3953 clerum
1027 3890 1093 3956 dis-

61 3968 184 4055 tinguit
207 3969 240 4033 in
265 3971 421 4058 majorem
446 3983 479 4036 et
504 3972 672 4036 minorem.
718 3976 759 4037 Et
784 3974 942 4037 minorem
963 3973 1093 4060 quidem

60 4053 184 4118 clanim
200 4056 339 4141 appellat
355 4056 507 4121 diaconos
521 4070 554 4121 et
568 4057 707 4143 reliquos
727 4056 890 4122 inferiores
904 4055 1042 4137 ordines,
1058 4072 1098 4125 ut-

61 4158 137 4203 cum
155 4138 233 4203 dicit
247 4160 322 4229 pag.
341 4156 406 4220 129.
430 4142 497 4205 Aut
518 4140 545 4205 si
566 4140 643 4207 dicis
665 4141 840 4227 lujrumodi
858 4142 1008 4207 hominem
1028 4142 1093 4207 sul·

61 4244 137 4287 uum
156 4246 218 4289 non
235 4239 323 4309 posse
330 4224 421 4313 fieri,
444 4224 582 4291 omniun
601 4226 748 4314 episcopis
768 4226 905 4300 resistentv
917 4226 1101 4310 adimimm,;

217 4366 221 4375 .
558 4323 611 4375 84
