2678 4756
380 271 434 338 ns
456 268 685 339 coucam
711 269 947 338 anurnio.
1124 293 1185 360 ¹39

139 439 215 505 terii
230 439 332 507 sancti
346 440 487 543 Remigii
501 443 679 521 Remensis‚
689 442 769 506 alius
784 440 1024 543 ³¹¹..bib50ihi04
1035 441 1184 543 illustris-

140 525 217 589 simi
231 540 263 591 et
279 526 459 593 doctissimi
475 530 530 592 viri
544 528 678 594 Joannis
692 528 833 592 Bohiern
850 528 994 613 praesrdrs
1010 528 1134 592 infulati
1151 529 1184 594 in

140 610 344 694 parlamento
362 614 573 699 Burgundiae.
618 613 713 679 Edita
726 627 777 677 est
792 628 900 678 autem
915 634 1011 698 supra
1027 636 1101 699 pag.
1117 622 1185 690 167.

143 695 215 761 Ubi
234 720 308 760 vero
325 699 466 782 Raphaei
482 701 712 763 Volaterranos
731 699 886 762 invenerit
902 697 1090 763 Cornelium
1113 721 1186 764 ces·
1299 731 1317 752 ·

143 779 224 844 sisse
250 781 416 881 Cypriane
443 784 586 849 nondum
609 783 748 849 invenire
774 785 877 869 potui.
924 783 1088 849 Caeterum
1113 785 1187 849 istic

142 880 291 932 annotari
306 881 412 952 potest
427 870 601 947 Armenes,
625 884 663 934 ut
683 869 779 934 tradit
794 869 905 935 Guido
928 868 970 933 de
986 871 1187 956 Perpinian0,

143 950 263 1016 dixisse
279 953 367 1038 quod
382 977 492 1019 verum
509 956 669 1040 baptisma
681 956 788 1018 solum
804 956 918 1019 eratin
933 955 1068 1019 ecclesia
1082 957 1187 1044 majo·

142 1034 373 1115 risArmeniae‚
388 1051 421 1104 et
435 1062 500 1104 non
515 1041 547 1105 in
560 1040 641 1121 aliis,
653 1039 884 1126 propterquod
901 1040 980 1104 alios
996 1041 1037 1105 ad
1053 1062 1086 1105 se
1102 1041 1189 1105 veni-

143 1123 508 1209 entesrebaptizabant.
530 1127 742 1190 Batuzws.
789 1125 887 1189 Haud
903 1148 1091 1209 germanam
1107 1149 1188 1205 esse,

143 1205 202 1270 sed
216 1209 349 1273 omnino
363 1209 451 1274 re'ici
468 1210 596 1291 debere,
608 1210 778 1298 epistolam
795 1211 888 1274 istam
906 1210 1047 1274 Cornelii
1062 1212 1102 1275 ad
1119 1211 1188 1299 Cy·

144 1293 294 1375 prianum
309 1316 329 1357 a
339 1235 476 1360 Baiuzio
492 1298 632 1382 primum
653 1297 787 1375 editam,
804 1296 881 1361 alibi
895 1296 1022 1361 ostendi
1037 1297 1078 1361 ad
1094 1296 1189 1362 finem

146 1376 348 1446 ceassiu
366 1381 552 1466 Fragment.
569 1405 601 1467 p.
611 1389 661 1446 65.

190 1462 490 1531 masselacus
514 1468 657 1552 detritas]
683 1466 844 1553 Rigaltius
865 1466 930 1546 ait;
952 1466 1064 1540 λάκκος
1086 1493 1185 1531 avars-

143 1547 431 1637 rpraairausNulg.
446 1552 595 1617 cisternas
606 1552 785 1637 dissipatas,
798 1552 859 1616 hoc
875 1564 936 1630 est,
949 1552 1102 1617 rimarum
1117 1554 1188 1639 ple-

144 1655 216 1710 nas,
231 1632 293 1698 hac
306 1635 445 1723 illacque
459 1639 662 1723 perfluentes.
703 1637 856 1702 Pacianus
872 1638 966 1723 epist.
979 1638 1023 1701 iii.
1039 1660 1099 1702 aaa
1116 1661 1187 1703 caa-

142 1729 268 1783 secrata
294 1720 362 1786 sede
391 1734 562 1803 contentas,
588 1723 738 1789 detritum
766 1722 869 1787 laeam
894 1722 1063 1787 adulterini
1077 1722 1188 1809 fantis

145 1804 319 1871 adamavit.
364 1809 587 1896 Hieronymus
621 1809 770 1874 adversus
805 1807 1045 1873 Luciferianos:
1084 1810 1187 1875 Carra-

145 1900 199 1954 tus
212 1901 258 1954 est
272 1891 421 1957 ethesius
438 1896 613 1980 Cyprianus
628 1894 775 1958 contritos
792 1891 1009 1990 lacusfagere,
1022 1915 1076 1957 aec
1089 1893 1188 1961 iibere

144 1974 186 2039 de
198 1998 218 2038 a
241 1976 413 2058 audiena,
432 1991 462 2043 et
483 1979 594 2044 idcirco
611 1980 826 2044 lroereticarara
842 1977 997 2062 baptisma
1009 1979 1187 2063 reprobans,

145 2060 190 2124 ad
230 2061 397 2146 tepiaaum
417 2075 490 2129 tuac
508 2065 658 2130 Romanae
671 2064 756 2129 ardis
771 2063 956 2149 episcopam,
979 2066 1033 2150 qui
1057 2086 1077 2128 a
1101 2064 1186 2132 beata

144 2147 241 2211 Petra
255 2148 422 2234 vigesimus
436 2162 540 2215 sextas
550 2151 637 2238 fiais,
657 2168 748 2234 saper
763 2149 821 2214 sac
836 2173 869 2213 re
882 2148 1071 2236 Africanam
1087 2150 1188 2237 Syna·

144 2230 223 2381 {12er
242 2232 379 2383 dilrlexit:
403 2236 456 2301 sed
465 2249 591 2302 carratas
603 2239 668 2322 rjus
672 2236 805 2324 frastra
809 2234 894 2321 fait.
928 2235 1145 2302 Rsosnrlus
1169 2261 1190 2304 a
1251 2320 1254 2326 A

218 2339 272 2382 oa
298 2332 380 2384 atus.

191 2402 277 2511 ibid.
292 2404 315 2468 1.
330 2418 378 2480 17.
402 2429 518 2492 aquam
535 2407 674 2492 portare]
699 2405 911 2504 Septuaginta
932 2405 1098 2515 dixerant:
1122 2406 1191 2495 ὕδωρ

145 2490 1189 2671 iiiii‘siiiiniiiii‘iciiiiiiiiiiiiiii'piiiiiiaiiii

91 2660 106 2679 ⁰
147 2668 313 2725 contenere.
335 2664 553 2728 Rroanrrvs
570 2686 589 2728 a
605 2666 630 2726 F
631 2663 693 2728 ello
706 2663 833 2727 allatus.

194 2744 280 2810 Ibid.
297 2746 320 2810 l.
335 2761 382 2813 18.
398 2748 448 2812 Ab
463 2772 545 2836 aqua
558 2748 676 2832 aliena]
701 2750 783 2812 Haec
799 2748 916 2813 frustra
936 2747 1012 2813 alibi
1028 2771 1133 2899 Juatn
1155 2750 1189 2816 in

149 2830 276 2895 Graecis
293 2834 526 2944 exemalaribus
544 2846 742 2920 quaeruntur.
766 2836 928 2898 Fessus.
971 2833 1025 2897 Ad
1051 2848 1189 2902 ttamen·

147 2927 224 2979 tum
246 2929 295 2981 est
307 2926 361 2980 τῶν
375 2943 407 2981 a.
425 2919 464 2982 ad
481 2919 576 2983 finem
586 2919 784 3005 ospitisnoni
800 2917 944 2983 Praaerb.
958 2935 991 2982 et
1004 2943 1190 3010 quanquam

149 3000 193 3065 ad
209 3001 288 3067 edit.
305 3004 411 3069 Oxon.
427 3027 518 3069 oram
540 3005 631 3070 locus
648 3003 729 3070 alius
751 3003 918 3103 aliquanto
935 3005 1048 3070 similis
1067 3008 1100 3071 in
1118 3029 1188 3094 cap.

150 3086 192 3158 si.
204 3100 255 3153 24.
275 3089 390 3170 (verius
405 3105 489 3155 esset
500 3115 531 3156 v.
550 3095 611 3173 15.)
629 3090 773 3155 Praaerd.
787 3103 931 3175 signatus
951 3103 1013 3168 est,
1032 3091 1190 3158 diversum

148 3185 268 3258 postea
289 3174 426 3240 sensisse
453 3175 494 3239 de
515 3176 590 3241 loco
611 3176 735 3241 videtur
757 3175 962 3239 doctissimus
984 3175 1101 3256 editor,
1135 3179 1192 3265 qui

149 3256 280 3322 nullum
301 3259 476 3346 Scriptura
495 3261 603 3326 locum
619 3261 769 3347 apposuit
782 3260 823 3324 ad
838 3259 907 3323 haec
923 3260 1034 3324 eadem
1051 3262 1146 3327 verba
1160 3264 1193 3328 in

148 3343 316 3430 Suffragia
332 3365 368 3410 v.
386 3346 574 3412 Corsorum
590 3368 662 3411 vir.
678 3346 768 3434 quod
786 3369 863 3409 mox
883 3345 1036 3430 sequitur.
1082 3349 1193 3415 Posuit

146 3428 276 3500 interea
291 3429 333 3494 ad
352 3432 448 3495 verba
466 3433 499 3496 in
518 3432 693 3496 Proverbiis
712 3430 944 3509 antecedentia,
961 3429 1037 3494 Οὔτε
1056 3436 1116 3518 γὰρ
1130 3436 1192 3499 δια.

151 3511 224 3600 eris-31
245 3511 316 3602 ὕδωρ
335 3517 494 3602 ἀλλότριον,
510 3516 663 3582 Clemens
680 3518 774 3583 Alex.
797 3517 829 3581 in
854 3516 967 3580 strom.
989 3516 1046 3581 lib.
1062 3518 1084 3582 i.
1101 3541 1130 3584 c.
1145 3535 1192 3599 19.

151 3601 229 3663 -τὸ
243 3600 396 3681 βάπτισμα
407 3605 440 3666 ri
455 3604 600 3688 aiprrrnir,
613 3607 650 3666 ἐκ
661 3607 755 3667 οἰκεῖον
769 3605 790 3688 ‘i
805 3602 916 3686 γνήσιον
930 3616 964 3665 >a
988 3601 1104 3686 ιζομὲνη.
1127 3605 1195 3671 Hic

151 3684 237 3749 bene
249 3699 328 3751 nota
337 3685 515 3752 Clementis
526 3687 587 3752 fine
599 3688 709 3753 saeculi
719 3687 853 3753 secundi
866 3687 941 3752 etin
997 3701 1103 3777 gypto
1115 3691 1195 3758 scri·

150 3769 260 3835 beatis
275 3793 296 3834 o
319 3772 461 3836 inionem
477 3772 517 3837 de
533 3774 686 3839 haeretico
701 3773 875 3859 baptismo.

197 3855 282 3919 ibid.
298 3792 321 3919 i
334 3873 381 3934 19.
397 3858 546 3923 mundari
558 3873 591 3923 et
605 3858 795 3924 sanctificari
809 3857 942 3946 aquam]
958 3859 1118 3925 Formulae
1127 3860 1193 3930 illa

140 3941 313 4028 ·liturgicae
329 3943 446 4028 quibus
461 3944 620 4008 elementa
632 3956 903 4009 sacramentorum
924 3943 965 4007 ad
978 3966 1056 4009 usus
1069 3945 1193 4012 divino·

151 4049 227 4093 rum
250 4029 479 4115 mysteriorum
503 4044 709 4115 separantur3
731 4029 807 4094 hinc
832 4044 866 4094 et
887 4028 1017 4094 aliunde
1040 4045 1195 4129 apparent

151 4135 220 4178 non
240 4126 308 4178 tam
324 4135 455 4199 nuperae
469 4136 551 4192 esse,
573 4128 670 4201 quam
686 4117 869 4181 Novatores
891 4114 952 4179 sibi
974 4128 1008 4178 et
1028 4115 1098 4180 alris
1120 4137 1193 4202 per-

150 4198 463 4287 suaderesataguut.
487 4202 650 4267 Fessus.
1058 4230 1067 4287 Ι·
