2678 4756
257 252 310 336 tu
331 259 576 330 asternunt
599 259 811 329 concurr
831 259 1059 330 caucum.
1106 278 1173 351 445

144 441 253 509 τοῦντες
266 437 318 508 ταὶς
331 431 513 518 ἐπαγίελλίας
526 435 626 511 αὐτῶν,
639 436 679 519 τῷ
692 429 818 518 ἐπιτιμίῳ
836 439 890 496 τὸιν
906 431 1031 516 διγαίμων
1048 431 1177 498 notaa-

149 520 295 582 λέθασαν.
324 517 381 605 όραν
400 521 460 626 γὰρ
474 521 520 581 τὸν
537 518 619 582 τόνον
632 517 654 604 r}
668 519 714 581 ris
727 518 826 581 κανόνα
840 517 929 603 λίγα,
942 518 1023 603 ἤγουν
1037 516 1089 582 loa
1103 519 1172 606 περὶ

144 611 200 666 τῶν
214 604 338 689 διγάμυιν
353 629 521 683 κεκανυνιςαι
536 604 583 666 καί
598 603 805 681 baernam,
816 610 908 667 ταῦτα
926 629 944 666 κ
960 604 1055 682 ατίρσιι
1068 605 1116 667 καί
1131 607 1172 667 ἐπ’

144 693 247 768 αὐτῶν,
261 689 313 762 des
325 690 385 772 μετ’
402 691 519 753 ἐνιαυτὸν
532 689 665 774 diocribus.
693 688 792 752 κωλόυ
806 689 834 751 δὲ
850 692 864 751 ὁ
878 714 965 752 κανυιν
985 693 1037 763 ταὶς
1056 694 1173 775 σιαρθι·

144 775 203 837 νίαν
220 773 466 858 ἑπαγίιλλιμένας,
480 773 654 861 συνίςχεὸαρ
667 774 805 861 ἀνδράσιν,
821 774 881 838 ἀντὶ
903 780 951 838 τοῦ
973 795 1009 838 συ
1026 800 1066 852 ην,
1082 799 1173 838 συννι-
1272 818 1276 822 -

144 863 213 938 κεῖν,
233 863 352 942 ἀδελφὰς
370 864 469 935 ἑαυτὰς
489 858 670 943 ὄνομαξιιίσας
690 868 744 923 τῶν
764 859 801 933 clf
822 859 1021 944 συνδιᾶγυυσιν·
1043 860 1088 923 ira
1105 861 1177 941 μηδὲ·

144 944 253 1019 ὑποψία
271 946 312 1020 τίς
330 942 346 1031 ᾗ
365 948 428 1008 κατ’
445 949 533 1008 αὐτῶν
552 945 679 1030 ἀπρεπής.
710 946 765 1008 ὅδὲ
778 943 871 1028 μέγας
886 944 1031 1020 Βασίλειις
1046 949 1072 1008 ἐν
1086 950 1174 1010 inru-

144 1030 302 1116 ιιαιὸεκαίτῳ
316 1031 404 1094 κανόνι
419 1035 490 1093 ariri
503 1036 543 1116 τῷ
558 1031 670 1117 κρίματι
683 1037 731 1108 τῆς
743 1028 872 1115 μοιχείας
885 1035 1033 1108 ὑποκεῖσθαι
1044 1034 1093 1109 τὴν
1104 1035 1177 1114 luo·-

144 1116 313 1200 λογῆσασαν
326 1115 512 1199 παρθενείαν,
527 1118 574 1179 καί
593 1122 630 1199 μὴ
648 1119 696 1194 τὴν
715 1115 864 1203 ὁμολογίαν
879 1115 1054 1196 φυλάξασαν,
1070 1115 1176 1203 ἄπερρ’·

144 1226 223 1263 νατο.
267 1201 322 1265 Ad
341 1215 466 1286 patrum
489 1203 594 1287 legem
617 1200 703 1288 quod
724 1202 848 1280 attinet,
870 1215 956 1266 recte
976 1216 1086 1267 monet
1102 1201 1178 1274 haee,

144 1285 296 1351 Baisamo
309 1311 319 1365 3
341 1287 471 1364 ἀθέτησιν
485 1289 512 1349 δὲ
526 1291 646 1350 ἐνταῦθα
659 1292 706 1362 τῆς
721 1289 764 1350 διαὶ
778 1291 825 1366 τὴν
839 1286 994 1372 ωαρθινίαν
1010 1286 1175 1373 ίπαγίελίας

144 1375 185 1454 μὴ
198 1370 270 1457 singu
284 1372 426 1456 υσαρνείαν,
442 1376 520 1435 ἀλλὰ
533 1374 579 1436 τὸν
594 1373 703 1455 νόμιμον
716 1373 818 1455 γάμον·
841 1373 885 1435 διὰ
904 1380 984 1436 τοῦτο
1003 1377 1062 1459 γαὶρ
1081 1373 1103 1460 ’h
1123 1374 1173 1438 riui

144 1455 227 1539 μόνον
242 1458 375 1539 ἐπιτιμίου
390 1459 514 1542 διγίιμυιν
528 1457 664 1537 κολόζιισι
681 1457 778 1532 πίτυς·
805 1462 828 1522 εί
849 1462 906 1543 γαὶρ
928 1458 1086 1544 ἐπόρνευσαν
1105 1485 1176 1537 τινες

145 1546 178 1622 ἐξ
192 1547 292 1617 αὐτῶν,
305 1546 538 1629 τιμωρηθῆσυντσρ
552 1546 595 1606 διαὶ
610 1543 748 1626 ἐπιτιμίαν
762 1543 812 1618 ric
827 1544 930 1631 υνόρνυς
944 1545 1124 1627 κολαζόντων.

191 1627 226 1691 Ρ.
235 1641 305 1692 414.
319 1627 341 1692 l.
355 1643 401 1692 14.
417 1633 452 1704 υίς
467 1629 600 1713 ἀδελφὰς]
614 1631 650 1704 uir
665 1632 801 1709 ἀδελφοῖς.
830 1629 882 1693 Sic
897 1644 1012 1715 praeter
1026 1630 1177 1697 Bodleia-

145 1735 224 1778 num
247 1729 389 1778 nostrum
413 1715 556 1778 codicem
580 1715 666 1798 (cod.
679 1717 778 1796 205.),
792 1715 987 1779 AEtoniensis
1007 1717 1104 1780 etiam
1126 1716 1177 1782 le·¹

144 1798 208 1884 git,
230 1821 289 1863 nec
314 1822 378 1863 non
398 1799 563 1878 Tilianus3
594 1823 667 1864 narn
690 1799 867 1864 Gentianus
889 1800 1050 1866 Hervetus
1070 1802 1175 1882 vertit,

147 1895 298 1970 tanquam
320 1906 388 1948 ινινιι
399 1884 571 1970 fratribus
616 1884 680 1949 Sed
702 1884 776 1949 MS.
800 1886 1073 1951 Amerbachianus
1095 1887 1177 1974 legit

145 1968 277 2049 ἀδελφός.
313 1971 452 2034 loannes
472 1970 695 2035 Antiochenus
719 1986 753 2035 et
775 1969 955 2035 Parisiensis
977 1971 1177 2038 Balsamonis

146 2056 265 2139 pariter
279 2068 375 2141 atque
391 2057 525 2120 Zonarae
540 2056 651 2136 editio,
661 2059 696 2131 ὡς
708 2056 838 2137 ἁδελφός.
865 2057 909 2120 Et
919 2056 964 2121 sic
977 2079 1052 2122 sane
1064 2079 1178 2124 omnes

147 2141 255 2207 latini
269 2141 456 2227 interpretes
470 2142 629 2227 legerunt.
672 2144 823 2228 Namque
836 2140 981 2206 ultimam
997 2143 1079 2206 hanc
1115 2166 1177 2209 rre-

147 2225 246 2290 sentis
261 2227 390 2290 canonis
428 2241 527 2291 artem
546 2227 685 2292 Isidorus
702 2229 866 2291 Mercator
883 2227 928 2291 sic
947 2229 1052 2308 vertit,
1072 2165 1179 2327 litigi·

137 2308 202 2375 'nes
216 2321 319 2376 autern
329 2249 464 2396 proelias,
477 2335 549 2399 quoe
563 2324 713 2400 tanquam
723 2334 838 2377 sorores
852 2334 920 2376 cunc
933 2313 1089 2379 nonnullis
1099 2314 1178 2381 orris

148 2394 421 2477 habitatorulum,
436 2396 474 2462 ol
489 2421 592 2463 eorum
606 2398 751 2463 consortio
764 2397 967 2484 prohibemus.
999 2401 1178 2487 Dionysius

147 2481 306 2569 Exiguus,
329 2483 473 2571 Virgines
499 2496 603 2548 autem
628 2506 702 2571 quoe
726 2483 905 2548 conveniunt
927 2507 1000 2553 ,σνινιι
1023 2485 1179 2573 aliquibus

149 2578 302 2655 tanquam
325 2589 449 2648 sorores,
474 2569 612 2635 habitare
633 2568 839 2654 probibemus.
882 2571 984 2635 Vetus
1010 2571 1177 2658 interpres,

149 2652 200 2718 oui
217 2652 252 2736 (l.
264 2656 350 2741 quae)
366 2676 433 2718 vero
453 2655 644 2720 convenerint
657 2655 792 2743 virgines
806 2654 961 2742 aliquibus
975 2656 1052 2721 sicut
1065 2680 1179 2725 sorores

147 2749 299 2803 velamus.
343 2738 406 2803 Sed
422 2763 531 2806 sensus
546 2741 579 2805 in
594 2755 728 2828 utraque
742 2740 879 2807 lectione
893 2742 978 2807 idern
992 2755 1052 2807 est.
1090 2747 1124 2809 N
1126 2766 1181 2814 am.

147 2824 338 2889 tantundem
349 2835 398 2888 est
407 2825 543 2911 virgines
555 2827 637 2892 viros
649 2849 761 2892 vocare
771 2826 894 2906 fratres,
903 2841 999 2914 atque
1008 2830 1089 2893 viros
1101 2831 1180 2896 istos

148 2930 203 2975 eas
223 2931 335 2976 vocare
355 2931 489 2976 sorores.
536 2913 613 2976 Mos
629 2913 728 2992 enim,
743 2926 779 2977 ut
793 2912 925 2991 videtur,
941 2928 1010 2976 tum
1025 2916 1179 3004 temporis

148 2994 329 3074 obtinebat,
349 3008 387 3059 ut
405 2995 542 3082 virgines
562 2996 724 3062 nonnullae
743 3017 819 3063 cum
838 2997 911 3061 viris
931 3012 1082 3083 tanquam
1103 3023 1179 3065 curn

148 3080 298 3145 fratribus
318 3079 385 3145 suis
404 3081 635 3162 cohabitarent,
650 3103 787 3168 quaeque
802 3082 843 3146 ab
858 3083 895 3146 iis
934 3097 1080 3168 ropterea
1096 3106 1179 3150 soro·

147 3186 199 3230 res
213 3165 309 3230 dictae
325 3180 411 3242 sunt,
426 3181 459 3230 et
473 3189 700 3255 nonnunquam
715 3166 859 3251 dyonanto)
877 3104 1010 3246 dlicta,
1027 3185 1063 3235 ut
1078 3183 1111 3234 et
1125 3171 1181 3236 viri

147 3249 203 3314 isti
217 3251 357 3334 ἀγαπητοὶ
372 3250 477 3315 dilecti
491 3273 600 3317 earum
616 3255 657 3317 ab
673 3252 749 3339 ipsis
765 3253 936 3338 nuncupati
951 3269 1038 3318 sunt.
1082 3256 1180 3342 Quod

148 3334 247 3399 etiarn
264 3334 477 3405 aJustiniano
497 3336 694 3404 Diaconissis
712 3338 893 3402 ordinandis
908 3339 1095 3422 prohibetur
1110 3341 1179 3406 edi-

148 3434 254 3499 cente,
273 3419 419 3486 Volumus
433 3433 536 3486 autenr
556 3423 698 3508 etipsus,
714 3445 786 3510 quae
805 3423 847 3487 ad
867 3423 1089 3489 ordinationem
1110 3443 1182 3511 per·

149 3505 315 3586 ducuntur,
333 3504 540 3588 Diaconissas,
555 3509 617 3573 sive
631 3533 670 3574 en
685 3508 846 3588 uiduitate,
860 3508 923 3574 sive
936 3533 974 3575 ea
987 3509 1182 3598 uirginitate,

148 3613 211 3657 aron
231 3614 301 3655 cuni
322 3589 428 3678 aliquo
454 3593 650 3673 cohaerentes,
673 3605 727 3659 aut
753 3605 963 3682 cognatorum,
984 3607 1039 3660 aut
1064 3620 1180 3678 aarum,

173 3698 227 3739 uos
243 3676 402 3762 appellant
418 3677 545 3744 dilectos
562 3679 690 3764 (talibus
701 3678 783 3743 enim
795 3679 966 3745 nominibus
979 3693 1098 3749 utentes
1112 3707 1182 3750 rna·

149 3698 241 3848 ligna
255 3763 423 3847 suspicione
436 3785 524 3827 suam
538 3765 658 3850 replent
677 3764 786 3845 vitani)
803 3765 856 3829 sed
870 3776 925 3830 aut
940 3766 1017 3830 soloe
1031 3767 1181 3849 habitent,

149 3859 206 3910 aut
223 3870 292 3910 curn
304 3848 483 3931 parentibus
498 3849 581 3926 solis,
596 3849 728 3935 astilia,
743 3861 798 3914 aut
813 3850 1057 3937 rrerefratrilus.
1078 3854 1181 3920 lusti-

150 3931 236 3996 nian.
251 3933 368 3997 Novel.
381 3935 421 3996 vi.
436 3955 505 4018 cap.
518 3940 548 3997 6.
569 3935 625 3998 ubi
646 3934 765 4014 ultima
778 3936 883 4013 verba,
902 3948 957 4001 aut
978 3960 1047 4001 vere
1057 3938 1181 4024 fratri·

151 4016 219 4095 hus,
232 4017 415 4102 indigitant,
427 4040 481 4081 eas
505 4041 579 4083 cum
600 4019 759 4106 aliquibus
781 4035 933 4108 tanquam
948 4022 1110 4100 fratribus,
1127 4024 1182 4110 qui

149 4116 260 4166 tamen
280 4127 348 4166 nere
367 4104 478 4167 fratres
498 4125 560 4168 non
579 4120 678 4181 erant,
694 4106 877 4171 cohabitare
894 4107 1014 4171 solitas.
1058 4109 1100 4171 Et
1119 4109 1182 4173 hu-

145 4187 293 4274 jusmodi
308 4205 384 4252 sane
400 4189 533 4275 virgines
548 4190 670 4255 eaedem
686 4192 825 4271 fuerunt,
838 4212 911 4278 quae
925 4215 944 4256 a
959 4191 1106 4257 Concilio
1120 4194 1184 4259 Ni-

150 4295 243 4337 caeno
265 4272 370 4360 primo
391 4274 564 4340 συιιίσακτιι
586 4274 681 4341 dictae
704 4289 797 4357 sunt3
820 4291 934 4364 utpote
947 4298 1026 4365 quas
1045 4298 1184 4366 presens
