2678 4756
213 299 257 382 ⁸⁴
480 297 991 369 aaarourrssscsa,
1052 251 1055 257 ³
1134 286 1144 322 l

213 479 317 548 mat,
333 468 480 557 quoniam
496 470 551 557 qui
567 471 648 536 talia
662 482 762 559 agunt
775 480 874 535 morte
892 481 965 536 sunt
986 468 1087 560 digni,
1099 493 1163 537 nors
1173 481 1260 538 >tura·

214 589 283 645 Νη
307 579 363 668 qai
374 580 508 665 faciam
530 603 578 660 ea,
601 582 654 645 sed
678 591 710 646 et
736 581 792 668 qui
817 580 1011 646 consentiant
1036 579 1080 645 ais
1103 579 1160 668 qui
1176 571 1261 649 'dtas

212 698 333 782 agreste
355 688 502 776 quoniam
521 691 577 776 qui
596 690 688 769 talia,
702 690 815 777 inquit,
829 701 940 777 agant,
953 700 1052 755 morte
1065 699 1138 756 sant
1152 689 1259 778 digni.

211 798 405 866 Manifestat
425 814 458 864 et
480 802 673 886 comprobat
686 814 792 865 morte
806 799 923 886 dignos
935 821 1005 866 esse
1019 798 1109 865 etad
1123 820 1259 886 poenam

211 909 330 987 venire,
345 931 410 975 non
429 920 556 974 tantum
573 909 647 974 illos
668 909 722 996 qui
745 908 831 975 mala
851 909 984 992 faciunt,
1000 909 1057 976 sed
1076 909 1178 976 etiam
1197 926 1285 986 eost

211 1018 268 1107 qui
283 1019 361 1084 talia
374 1019 545 1105 agentibus
558 1018 775 1097 consentiunt,
788 1018 844 1104 qui
860 1016 938 1082 dum
953 1018 1046 1086 malis
1057 1031 1092 1084 et
1104 1029 1258 1105 peocmo·
1272 1094 1277 1105 ‚

211 1127 300 1194 ribus
320 1140 355 1192 et
373 1127 596 1215 poenitentiam
620 1150 685 1193 non
707 1127 880 1214 agentibus
899 1126 1012 1192 illicita
1030 1126 1258 1195 communion·

209 1235 298 1304 tione
324 1235 512 1315 miscentur,
539 1237 725 1303 nocentium
750 1235 968 1301 contractibus
995 1236 1198 1324 polluuntur,
1220 1247 1258 1302 et

210 1345 289 1415 dum
313 1345 499 1434 junguntur
522 1347 557 1413 in
581 1347 689 1446 culpa,
715 1346 761 1410 sic
787 1366 846 1410 nec
873 1345 907 1409 in
933 1366 1030 1432 poena
1054 1357 1256 1432 separantur.

210 1454 345 1542 Propter
359 1455 450 1543 quod
462 1455 655 1543 integritatis
670 1468 704 1521 et
719 1454 791 1519 fidei
806 1467 917 1519 vestrae
931 1453 1113 1540 religiosam
1130 1453 1256 1519 sollici·
1269 1469 1306 1520 to

209 1563 368 1644 udinem,
383 1565 498 1630 fratres
511 1563 721 1643 dilectissimi,
735 1576 770 1630 et
789 1562 959 1629 laudamus
978 1562 1098 1649 pariter
1115 1574 1151 1629 et
1172 1585 1257 1649 pro-

208 1672 347 1753 bamus3
364 1685 398 1739 et
412 1686 568 1760 quantum
585 1695 758 1759 possumus
773 1672 983 1738 adhortamur
995 1671 1110 1738 litteris
1122 1672 1257 1752 nostris,

209 1803 250 1849 ne
264 1804 319 1848 vos
334 1805 410 1848 cum
423 1782 596 1869 prophanis
618 1795 653 1849 et
670 1782 838 1849 maculatis
862 1780 1082 1847 sacerdotibus
1099 1803 1257 1848 commu·

209 1890 369 1956 nicationc
391 1891 547 1979 sacrilega
568 1891 740 1972 misceatis,
766 1889 822 1957 sed
846 1890 1005 1977 integram
1032 1903 1067 1956 et
1092 1891 1255 1972 sinceram

209 1998 282 2067 fidei
305 2014 417 2067 vestrae
443 2001 627 2068 firmitatem
652 2001 805 2088 religioso
832 2000 949 2067 timore
975 2001 1114 2087 servetis.
1160 2001 1256 2090 Opto
1269 2014 1304 2067 tt

207 2115 275 2195 ros,
291 2116 404 2182 fratres
419 2116 585 2199 carissimi,
600 2135 727 2203 semper
740 2115 823 2180 bene
837 2113 952 2180 valere.

499 2359 503 2364 .
547 2334 907 2374 ..wa-

246 2505 617 2567 cnarunfflmuusn
638 2505 876 2566 cononum
897 2498 975 2566 sua
996 2460 1216 2567 orrarsno

623 2619 833 2687 ournruu,

502 2762 762 2817 uaanrrrsnro
781 2760 949 2828 PRIMUM,
1022 2776 1024 2780 ·

344 2898 435 2961 Auno
451 2917 529 2960 rosr
544 2915 717 2960 cnnrsrusr
733 2915 852 2959 urruns
866 2908 925 2959 255
941 2915 1109 2961 usnrrosr.
1262 2919 1303 2972 20

207 3061 363 3151 synodica
381 3063 449 3128 liceo
467 3061 616 3149 Epistola
632 3061 675 3126 ad
695 3060 859 3126 Numidiae
880 3060 1058 3146 Episcopus,
1077 3059 1160 3127 iuter
1183 3062 1253 3151 Cy·

244 3171 353 3257 priuna'
367 3170 530 3257 Epistulas
543 3182 590 3238 est
606 3193 694 3237 Lxrc.
707 3181 738 3234 et
759 3170 801 3234 ad
817 3186 894 3256 pag.
914 3185 980 3235 124.
1001 3170 1075 3236 edit.
1095 3171 1254 3237 Benedic-

249 3281 326 3347 tinoe
340 3292 441 3348 extat.
1236 3321 1239 3326 -

249 3415 444 3502 Cyprianus,
464 3414 632 3495 Liberalis,
654 3412 843 3492 Caldonius,
864 3414 993 3492 Junius,
1014 3412 1152 3492 Primus,
1174 3413 1253 3489 Cre·

205 3524 309 3604 cilius,
330 3526 540 3612 Polycarpus',
558 3523 770 3602 Nicomedes,
785 3523 885 3604 Felix,
904 3523 1094 3603 Manutius,
1109 3523 1296 3602 Successsu

123 3635 126 3639 ’
205 3656 272 3714 oue,
290 3633 465 3711 Lucianus,
489 3635 689 3711 Honoratus,
711 3634 919 3712 Fortunatus,
940 3633 1065 3711 Victor,
1084 3634 1254 3716 Donatus,

204 3743 337 3821 Lucius,
351 3742 565 3822 Herculanus,
582 3742 791 3828 Pomponius,
804 3741 1004 3827 Demetrius,
1017 3741 1175 3831 Quintus,
1190 3744 1252 3809 Sa·

201 3852 365 3933 suminus,
380 3853 526 3931 Marsua,
541 3852 622 3918 alius
642 3850 845 3932 Saturninus,
860 3853 943 3920 alius
956 3852 1120 3930 Donatus,
1136 3853 1252 3940 Roga·

203 3961 324 4041 tianus,
347 3961 497 4041 Sedatus,
518 3962 692 4041 Tertullus,
716 3961 963 4040 Hortensianus,
985 3961 1063 4027 item
1085 3960 1170 4027 alius
1191 3963 1253 4027 Sa·

204 4069 341 4150 turnius,
366 4070 485 4136 Sattius
514 4071 679 4151 lanuario,
704 4071 889 4150 Saturnian,
918 4071 1079 4163 Maximo,
1106 4071 1250 4153 Victori,
1258 4093 1296 4147 ³0

204 4179 268 4246 alio
289 4179 426 4259 Victori,
450 4177 747 4266 Cassio„l'roculo,
770 4180 943 4260 Modiana,
966 4169 1106 4263 citrino,
1127 4181 1251 4270 Gargi·
