2678 4756
385 327 388 333 ,
500 294 534 360 s.
557 285 904 359 v1cron1uus.
1160 304 1224 381 237

179 488 250 534 ram
269 464 638 551 (fontaneticum).
682 464 749 531 Hic
763 462 831 527 dies
852 472 962 527 sextus
982 464 1223 548 parasceveap-

148 654 155 660 K
178 576 330 662 pellatur,
345 575 538 662 praeparatio
553 576 675 640 scilicet
689 573 800 658 regni;
815 570 922 642 Adam
937 570 1022 643 enim
1039 592 1137 658 quem
1155 571 1225 654 (de·

178 685 227 750 let
249 706 347 772 quem
367 683 517 767 Walker.)
542 683 583 749 ad
607 683 782 768 imaginem
804 694 838 746 et
861 680 1105 747 similitudinem
1131 703 1223 747 suam

178 792 428 858 consummavit.
464 791 591 856 Idcirco
604 804 712 856 autem
729 790 817 878 prius
833 811 932 876 opera
946 812 1005 854 sna
1018 811 1225 856 consumma·

149 919 168 969 a
180 902 236 981 vit,
250 923 347 988 quam
366 900 499 987 angelos
513 901 642 979 creavit,
656 911 690 964 et
708 899 875 964 hominem
894 900 1072 980 fabricavit,
1087 923 1127 965 nc
1140 902 1225 966 forte

178 1013 347 1102 adjutores
368 1035 402 1077 se
423 1012 522 1077 firisse
544 1011 625 1076 falsa
645 1011 785 1077 dictione
800 1009 987 1075 adseverant
1003 1011 1078 1096 (for.
1095 1011 1224 1085 adseve-

176 1136 299 1202 rarent,
315 1120 481 1204 listellam).
526 1122 603 1185 Hoc
619 1142 749 1207 quoque
764 1120 817 1185 die
832 1119 876 1184 ob
891 1120 1073 1206 passionem
1088 1121 1225 1195 Domini

177 1235 259 1307 Jesu
279 1231 401 1297 Christi
424 1243 480 1296 aut
502 1231 673 1295 stationem
696 1232 784 1309 Deo,
804 1243 859 1294 aut
877 1229 1052 1316 jejunium,
1074 1231 1223 1296 facimus.

177 1342 246 1407 Die
261 1341 400 1429 septimo
417 1340 574 1427 requievit
587 1341 629 1406 ab
644 1341 795 1406 omnibus
810 1340 961 1426 operibus
977 1339 1053 1420 suis,
1071 1352 1105 1405 et
1124 1341 1223 1405 bene·

131 1451 260 1541 indixit
275 1474 352 1518 eum
366 1464 400 1516 et
414 1450 630 1516 sanctificavit.
674 1453 752 1516 Hoc
766 1451 819 1517 die
834 1452 976 1517 solemus
991 1475 1224 1540 superponere3

177 1565 314 1645 idcirco,
328 1577 366 1630 ut
388 1564 441 1630 die
461 1564 638 1631 Dominieo
661 1586 736 1629 cum
759 1565 936 1650 gratiarum
958 1564 1085 1629 actione
1104 1563 1146 1629 ad
1165 1585 1225 1650 pa-
1247 1610 1250 1615 2

178 1702 255 1744 nem
278 1701 441 1744 exeamus.
493 1679 537 1742 Et
561 1699 729 1763 parasceve
751 1676 968 1763 superpositio
991 1675 1057 1755 fiat,
1081 1697 1121 1740 ne
1146 1675 1226 1763 quid

177 1811 256 1855 cum
271 1789 395 1855 ludaeis
410 1789 581 1854 sabbatum
597 1788 764 1852 observare
779 1787 954 1868 videamur,
969 1786 1056 1872 quod
1075 1787 1146 1872 ipse
1165 1786 1227 1852 do·

178 1901 288 1965 minus
309 1898 435 1964 sabbati
459 1897 609 1963 Christus
632 1918 689 1982 per
715 1896 891 1983 prophetas
916 1917 992 1960 suos
1015 1894 1132 1968 fodisse
1156 1895 1228 1961 uni·

131 2025 168 2077 1⁵
179 2033 266 2077 mam
280 2033 373 2076 suam
387 2009 490 2089 dicit3
514 2007 604 2095 quod
625 2007 761 2072 sabbato
777 2008 852 2091 (for.
870 2006 1053 2085 sabbatum,
1072 2004 1223 2103 Mller.)

179 2143 317 2209 corpore
337 2144 399 2187 suo
418 2120 567 2186 resolvit:
594 2120 682 2206 prius
702 2131 823 2199 autem,
838 2141 913 2184 cum
928 2119 998 2205 ipse
1012 2119 1126 2205 Moysi
1141 2140 1226 2205 prae·

179 2233 317 2319 ciperet,
332 2255 371 2297 ne
385 2228 590 2298 circumcisio
604 2232 691 2297 diem
707 2246 858 2298 octavum
881 2233 1069 2320 praeteriret,
1085 2255 1158 2320 quae
1174 2232 1227 2299 die

180 2343 319 2408 sabbato
336 2343 412 2427 (for.
428 2344 567 2426 sabbati)
585 2345 777 2432 plerumque
792 2344 937 2423 incurrit,
953 2344 1064 2408 ssicut
1078 2343 1112 2408 in
1128 2366 1225 2410 evan·

175 2452 450 2540 .ge1i0scriptum
472 2453 624 2539 legimus.
660 2452 826 2541 hMoyses
852 2452 1050 2539 prospiciens
1076 2452 1229 2521 duritiam

128 2564 297 2651 aopopnli
318 2564 415 2646 illius,
436 2565 557 2633 idcirco
577 2567 629 2633 die
654 2567 782 2633 sabbati
803 2567 994 2653 legebamus
1011 2565 1062 2632 iet
1082 2568 1228 2655 seipsum
1247 2571 1264 2636 '.

177 2672 342 2740 crucifixit
354 2675 428 2760 (for.
438 2675 566 2741 levabat
577 2698 704 2757 manus,
716 2689 750 2742 et
761 2675 807 2748 sic
818 2677 925 2763 ipsum
937 2677 1025 2742 cruci
1037 2677 1132 2760 fixit).
1158 2676 1228 2744 &Et

171 2783 300 2874 rproelio
319 2807 393 2872 quae
412 2785 488 2872 (lor.
505 2786 743 2873 quaerebantur)
764 2787 807 2852 ab
827 2784 1001 2872 allophylis
1020 2786 1169 2866 sabbato,
1190 2797 1229 2852 ut

181 2907 387 2981 caperentur,
408 2909 443 2959 et
462 2895 550 2964 velut
568 2894 767 2961 severitatem
788 2896 861 2978 (for.
884 2894 1060 2977 severitate)
1082 2895 1164 2981 legis
1184 2893 1227 2965 ad

181 3004 361 3071 devetando
379 3007 453 3091 (for.
468 3005 685 3086 devitandam)
704 3005 904 3092 disciplinam
921 3005 1150 3070 formarentur.

130 3131 171 3184 25
226 3116 271 3180 Et
287 3114 361 3180 ideo
381 3113 489 3181 David
506 3116 539 3180 in
558 3115 685 3181 Psalmo
701 3127 793 3180 sexto
809 3135 868 3203 pro
883 3113 936 3178 die
952 3127 1066 3180 octavo
1081 3111 1229 3180 Domino

186 3224 261 3311 (for.
276 3224 472 3304 Dominum,
489 3223 639 3305 Mller.)
658 3223 767 3312 ¹rogut
782 3247 821 3291 ne
835 3224 868 3287 in
882 3223 942 3303 ira,
957 3245 1056 3310 neque
1070 3224 1231 3310 inserere

183 3346 245 3398 suo
259 3346 378 3420 arguat
395 3355 483 3414 eum,
497 3345 555 3399 aut
571 3333 721 3422 judicet3
743 3333 797 3396 hie
820 3345 869 3398 est
891 3331 977 3395 enim
999 3353 1108 3396 revera
1127 3330 1230 3398 futuri
1263 3419 1269 3430 x

180 3441 271 3508 illius
290 3442 409 3529 judicii
432 3441 500 3507 dies
524 3456 667 3522 octavus,
682 3441 738 3528 qui
759 3455 848 3519 extra
870 3441 1016 3506 ordinem
1040 3441 1228 3528 septimane

177 3552 403 3640 dispositionis
416 3575 605 3618 excessurus
620 3565 680 3618 est.
723 3553 818 3616 Jesus
833 3566 963 3638 quoqne
977 3552 1086 3631 Naue,
1101 3573 1232 3617 succes-

127 3673 173 3729 20
183 3683 237 3728 sor
253 3661 397 3749 Moysis,
412 3673 446 3725 et
459 3661 529 3747 ipse
542 3662 713 3727 sabbatum
729 3660 868 3740 resolvit,
883 3672 910 3705 ¹¹¹
920 3658 972 3723 die
992 3661 1077 3726 enim
1103 3660 1230 3727 sabbati

180 3769 339 3860 praecepit
354 3770 426 3836 filiis
443 3771 542 3836 Israel
562 3785 601 3836 ut
622 3793 733 3835 muros
754 3769 890 3835 civitatis
905 3768 1064 3834 Hiericho
1079 3769 1230 3837 tubicini·

181 3882 247 3950 bus
260 3883 443 3963 circuirent,
457 3897 491 3949 et
508 3883 631 3950 bellum
649 3883 822 3971 allophylis
837 3882 1026 3951 indicarent.
1069 3883 1229 3949 Matthias

219 4055 408 4117 sistram.
666 4034 873 4114 troanarim.
946 4036 948 4047 ’
1004 4057 1195 4122 rusazus

218 4142 227 4176 ¹
243 4141 290 4190 Ex.
298 4141 357 4189 xvii.
366 4153 391 4200 9,
403 4152 441 4191 12.
458 4141 511 4190 Col.
521 4141 546 4190 ii.
558 4150 597 4191 14.
663 4138 678 4177 ¹³
696 4151 708 4188 1
719 4140 786 4190 Mac.
796 4140 820 4187 il.
830 4149 936 4191 διν-41.
1002 4138 1008 4170 ¹
1028 4137 1067 4187 Ps.
1077 4137 1109 4187 ri.
1118 4147 1146 4187 t.

217 4225 382 4274 mesaia
