<?xml version="1.0" encoding="UTF-8"?>
<!DOCTYPE html PUBLIC "-//W3C//DTD XHTML 1.0 Transitional//EN"
    "http://www.w3.org/TR/xhtml1/DTD/xhtml1-transitional.dtd">
<html xmlns="http://www.w3.org/1999/xhtml" xml:lang="en" lang="en">
 <head>
  <title>
</title>
<meta http-equiv="Content-Type" content="text/html;charset=utf-8" />
  <meta name='ocr-system' content='tesseract 3.04.00' />
  <meta name='ocr-capabilities' content='ocr_page ocr_carea ocr_par ocr_line ocrx_word'/>
</head>
<body>
  <div class='ocr_page' id='page_1' title='image "./reliquiaesacrae11routgoog_0071.png"; bbox 0 0 2678 4756; ppageno 0'>
   <div class='ocr_carea' id='block_1_1' title="bbox 239 280 932 359">
    <p class='ocr_par' dir='ltr' id='par_1_1' title="bbox 239 280 932 359">
     <span class='ocr_line' id='line_1_1' title="bbox 239 280 932 359; baseline 0.006 -16"><span class='ocrx_word' id='word_1_1' title='bbox 239 280 282 359; x_wconf 82' lang='lat'>64</span> <span class='ocrx_word' id='word_1_2' title='bbox 573 280 932 349; x_wconf 82' lang='lat' dir='ltr'>ANNOTATlONES</span> 
     </span>
    </p>
   </div>
   <div class='ocr_carea' id='block_1_2' title="bbox 152 448 1280 4275">
    <p class='ocr_par' dir='ltr' id='par_1_2' title="bbox 152 448 1274 2560">
     <span class='ocr_line' id='line_1_2' title="bbox 240 448 1273 543; baseline 0.011 -32"><span class='ocrx_word' id='word_1_3' title='bbox 240 449 361 512; x_wconf 88' lang='lat' dir='ltr'>tierent.</span> <span class='ocrx_word' id='word_1_4' title='bbox 405 448 500 513; x_wconf 90' lang='lat' dir='ltr'>Certe</span> <span class='ocrx_word' id='word_1_5' title='bbox 515 449 625 515; x_wconf 84' lang='lat' dir='ltr'>lecturi</span> <span class='ocrx_word' id='word_1_6' title='bbox 640 473 750 516; x_wconf 89' lang='lat' dir='ltr'>sumus</span> <span class='ocrx_word' id='word_1_7' title='bbox 765 454 961 539; x_wconf 84' lang='lat' dir='ltr'>Cyprianunr</span> <span class='ocrx_word' id='word_1_8' title='bbox 975 474 994 518; x_wconf 90' lang='lat' dir='ltr'>a</span> <span class='ocrx_word' id='word_1_9' title='bbox 1008 454 1173 541; x_wconf 85' lang='lat' dir='ltr'>Stephano</span> <span class='ocrx_word' id='word_1_10' title='bbox 1187 478 1273 543; x_wconf 81' lang='lat' dir='ltr'>papa</span> 
     </span>
     <span class='ocr_line' id='line_1_3' title="bbox 240 534 1274 629; baseline 0.011 -33"><span class='ocrx_word' id='word_1_11' title='bbox 240 534 380 617; x_wconf 89' lang='lat' dir='ltr'>petiisse,</span> <span class='ocrx_word' id='word_1_12' title='bbox 396 549 430 598; x_wconf 93' lang='lat' dir='ltr'>nt</span> <span class='ocrx_word' id='word_1_13' title='bbox 444 558 539 620; x_wconf 89' lang='lat' dir='ltr'>quern</span> <span class='ocrx_word' id='word_1_14' title='bbox 555 538 760 601; x_wconf 83' lang='lat' dir='ltr'>substitueret</span> <span class='ocrx_word' id='word_1_15' title='bbox 773 539 806 601; x_wconf 94' lang='lat' dir='ltr'>in</span> <span class='ocrx_word' id='word_1_16' title='bbox 821 540 977 603; x_wconf 86' lang='lat' dir='ltr'>Marciani</span> <span class='ocrx_word' id='word_1_17' title='bbox 992 541 1188 607; x_wconf 79' lang='lat' dir='ltr'>Arelatensis</span> <span class='ocrx_word' id='word_1_18' title='bbox 1202 544 1274 629; x_wconf 77' lang='lat' dir='ltr'>epi-</span> 
     </span>
     <span class='ocr_line' id='line_1_4' title="bbox 240 620 1268 709; baseline 0.011 -29"><span class='ocrx_word' id='word_1_19' title='bbox 240 622 329 704; x_wconf 81' lang='lat' dir='ltr'><strong>scopi</strong></span> <span class='ocrx_word' id='word_1_20' title='bbox 343 620 463 701; x_wconf 89' lang='lat' dir='ltr'>locum,</span> <span class='ocrx_word' id='word_1_21' title='bbox 477 622 538 684; x_wconf 92' lang='lat' dir='ltr'>sibi</span> <span class='ocrx_word' id='word_1_22' title='bbox 553 644 647 709; x_wconf 91' lang='lat' dir='ltr'>quarn</span> <span class='ocrx_word' id='word_1_23' title='bbox 665 622 803 706; x_wconf 89' lang='lat' dir='ltr'>primurn</span> <span class='ocrx_word' id='word_1_24' title='bbox 818 624 1018 708; x_wconf 85' lang='lat' dir='ltr'>significaret.</span> <span class='ocrx_word' id='word_1_25' title='bbox 1042 626 1268 693; x_wconf 78' lang='lat' dir='ltr'>Cous&#39;rsu‘r.</span> 
     </span>
     <span class='ocr_line' id='line_1_5' title="bbox 240 704 1269 795; baseline 0.01 -29"><span class='ocrx_word' id='word_1_26' title='bbox 240 704 295 767; x_wconf 91' lang='lat' dir='ltr'>Ad</span> <span class='ocrx_word' id='word_1_27' title='bbox 315 706 471 769; x_wconf 87' lang='lat' dir='ltr'>Marciani</span> <span class='ocrx_word' id='word_1_28' title='bbox 493 706 588 792; x_wconf 89' lang='lat' dir='ltr'>hujus</span> <span class='ocrx_word' id='word_1_29' title='bbox 613 708 869 772; x_wconf 77' lang='lat' dir='ltr'>substitutionem</span> <span class='ocrx_word' id='word_1_30' title='bbox 885 709 972 795; x_wconf 91' lang='lat' dir='ltr'>quod</span> <span class='ocrx_word' id='word_1_31' title='bbox 993 723 1127 795; x_wconf 82' lang='lat' dir='ltr'>spectat,</span> <span class='ocrx_word' id='word_1_32' title='bbox 1141 714 1269 775; x_wconf 86' lang='lat' dir='ltr'>monuit</span> 
     </span>
     <span class='ocr_line' id='line_1_6' title="bbox 240 789 1269 877; baseline 0.009 -27"><span class='ocrx_word' id='word_1_33' title='bbox 240 789 437 874; x_wconf 82' lang='lat' dir='ltr'>Stephanum</span> <span class='ocrx_word' id='word_1_34' title='bbox 455 792 645 877; x_wconf 83' lang='lat' dir='ltr'>Cyprianus,</span> <span class='ocrx_word' id='word_1_35' title='bbox 664 804 700 854; x_wconf 90' lang='lat' dir='ltr'>ut</span> <span class='ocrx_word' id='word_1_36' title='bbox 720 794 866 857; x_wconf 79' lang='lat' dir='ltr'>adsersus</span> <span class='ocrx_word' id='word_1_37' title='bbox 889 795 1089 859; x_wconf 85' lang='lat' dir='ltr'>Marcianum</span> <span class='ocrx_word' id='word_1_38' title='bbox 1113 798 1269 861; x_wconf 81' lang='lat' dir='ltr'>Neratia-</span> 
     </span>
     <span class='ocr_line' id='line_1_7' title="bbox 238 874 1267 964; baseline 0.011 -29"><span class='ocrx_word' id='word_1_39' title='bbox 238 874 366 954; x_wconf 89' lang='lat' dir='ltr'>uistam,</span> <span class='ocrx_word' id='word_1_40' title='bbox 378 898 517 961; x_wconf 90' lang='lat' dir='ltr'>quocum</span> <span class='ocrx_word' id='word_1_41' title='bbox 532 878 769 941; x_wconf 87' lang='lat' dir='ltr'>communicare</span> <span class='ocrx_word' id='word_1_42' title='bbox 779 880 847 964; x_wconf 89' lang='lat' dir='ltr'>jam</span> <span class='ocrx_word' id='word_1_43' title='bbox 863 895 936 944; x_wconf 90' lang='lat' dir='ltr'>ante</span> <span class='ocrx_word' id='word_1_44' title='bbox 951 895 1171 945; x_wconf 77' lang='lat' dir='ltr'>recusaverant</span> <span class='ocrx_word' id='word_1_45' title='bbox 1182 881 1267 959; x_wconf 83' lang='lat' dir='ltr'>Afri,</span> 
     </span>
     <span class='ocr_line' id='line_1_8' title="bbox 238 959 1265 1050; baseline 0.009 -28"><span class='ocrx_word' id='word_1_46' title='bbox 238 959 345 1023; x_wconf 85' lang='lat' dir='ltr'>literas</span> <span class='ocrx_word' id='word_1_47' title='bbox 366 962 406 1025; x_wconf 89' lang='lat' dir='ltr'>ad</span> <span class='ocrx_word' id='word_1_48' title='bbox 428 962 628 1026; x_wconf 82' lang='lat' dir='ltr'>Arelatenses</span> <span class='ocrx_word' id='word_1_49' title='bbox 650 962 801 1040; x_wconf 88' lang='lat' dir='ltr'>mitteret,</span> <span class='ocrx_word' id='word_1_50' title='bbox 817 964 926 1050; x_wconf 77' lang='lat' dir='ltr'>quibus</span> <span class='ocrx_word' id='word_1_51' title='bbox 944 962 1083 1029; x_wconf 77' lang='lat' dir='ltr'>abstento</span> <span class='ocrx_word' id='word_1_52' title='bbox 1098 966 1265 1031; x_wconf 83' lang='lat' dir='ltr'>Marciano</span> 
     </span>
     <span class='ocr_line' id='line_1_9' title="bbox 238 1043 1266 1135; baseline 0.008 -28"><span class='ocrx_word' id='word_1_53' title='bbox 238 1043 319 1108; x_wconf 86' lang='lat' dir='ltr'>alius</span> <span class='ocrx_word' id='word_1_54' title='bbox 338 1045 371 1109; x_wconf 91' lang='lat' dir='ltr'>in</span> <span class='ocrx_word' id='word_1_55' title='bbox 392 1044 488 1109; x_wconf 88' lang='lat' dir='ltr'>locum</span> <span class='ocrx_word' id='word_1_56' title='bbox 508 1047 575 1129; x_wconf 86' lang='lat' dir='ltr'>ejus</span> <span class='ocrx_word' id='word_1_57' title='bbox 593 1046 835 1127; x_wconf 79' lang='lat' dir='ltr'>substitueretur,</span> <span class='ocrx_word' id='word_1_58' title='bbox 853 1050 914 1113; x_wconf 91' lang='lat' dir='ltr'>hoc</span> <span class='ocrx_word' id='word_1_59' title='bbox 928 1063 987 1126; x_wconf 88' lang='lat' dir='ltr'>est,</span> <span class='ocrx_word' id='word_1_60' title='bbox 1002 1065 1179 1135; x_wconf 86' lang='lat' dir='ltr'>exponente</span> <span class='ocrx_word' id='word_1_61' title='bbox 1195 1051 1266 1115; x_wconf 75' lang='lat' dir='ltr'>ret-</span> 
     </span>
     <span class='ocr_line' id='line_1_10' title="bbox 236 1128 1263 1221; baseline 0.007 -28"><span class='ocrx_word' id='word_1_62' title='bbox 236 1128 281 1207; x_wconf 93' lang='lat' dir='ltr'>lo‚</span> <span class='ocrx_word' id='word_1_63' title='bbox 299 1138 320 1169; x_wconf 89' lang='lat'>“</span> <span class='ocrx_word' id='word_1_64' title='bbox 334 1131 441 1219; x_wconf 90' lang='lat' dir='ltr'>ibique</span> <span class='ocrx_word' id='word_1_65' title='bbox 458 1132 636 1195; x_wconf 87' lang='lat' dir='ltr'>hortaretur</span> <span class='ocrx_word' id='word_1_66' title='bbox 649 1133 863 1210; x_wconf 82' lang='lat' dir='ltr'>Arelatenses,</span> <span class='ocrx_word' id='word_1_67' title='bbox 876 1150 911 1197; x_wconf 91' lang='lat' dir='ltr'>nt</span> <span class='ocrx_word' id='word_1_68' title='bbox 924 1133 964 1197; x_wconf 88' lang='lat' dir='ltr'>ad</span> <span class='ocrx_word' id='word_1_69' title='bbox 976 1134 1116 1221; x_wconf 89' lang='lat' dir='ltr'>episcopi</span> <span class='ocrx_word' id='word_1_70' title='bbox 1131 1136 1263 1199; x_wconf 84' lang='lat' dir='ltr'>electio·</span> 
     </span>
     <span class='ocr_line' id='line_1_11' title="bbox 236 1217 1269 1301; baseline 0.006 -22"><span class='ocrx_word' id='word_1_71' title='bbox 236 1222 258 1255; x_wconf 78' lang='lat'>‘⁶</span> <span class='ocrx_word' id='word_1_72' title='bbox 274 1238 345 1279; x_wconf 91' lang='lat' dir='ltr'>nem</span> <span class='ocrx_word' id='word_1_73' title='bbox 368 1217 609 1301; x_wconf 90' lang='lat' dir='ltr'>procederent.”</span> <span class='ocrx_word' id='word_1_74' title='bbox 631 1218 693 1300; x_wconf 88' lang='lat' dir='ltr'>Ep.</span> <span class='ocrx_word' id='word_1_75' title='bbox 708 1224 758 1295; x_wconf 82' lang='lat'>68,</span> <span class='ocrx_word' id='word_1_76' title='bbox 773 1220 884 1296; x_wconf 84' lang='lat' dir='ltr'>al.67;</span> <span class='ocrx_word' id='word_1_77' title='bbox 905 1220 965 1296; x_wconf 86' lang='lat' dir='ltr'>vel,</span> <span class='ocrx_word' id='word_1_78' title='bbox 1009 1219 1071 1283; x_wconf 91' lang='lat' dir='ltr'>uod</span> <span class='ocrx_word' id='word_1_79' title='bbox 1094 1220 1180 1285; x_wconf 89' lang='lat' dir='ltr'>idem</span> <span class='ocrx_word' id='word_1_80' title='bbox 1203 1234 1269 1299; x_wconf 89' lang='lat' dir='ltr'>est,-</span> 
     </span>
     <span class='ocr_line' id='line_1_12' title="bbox 234 1240 1261 1388; baseline 0.006 -25"><span class='ocrx_word' id='word_1_81' title='bbox 234 1299 369 1365; x_wconf 87' lang='lat' dir='ltr'>docente</span> <span class='ocrx_word' id='word_1_82' title='bbox 389 1303 465 1366; x_wconf 82' lang='lat' dir='ltr'>olins</span> <span class='ocrx_word' id='word_1_83' title='bbox 490 1302 635 1366; x_wconf 87' lang='lat' dir='ltr'>Richerio</span> <span class='ocrx_word' id='word_1_84' title='bbox 654 1304 841 1388; x_wconf 87' lang='lat' dir='ltr'>Appendice</span> <span class='ocrx_word' id='word_1_85' title='bbox 861 1304 902 1367; x_wconf 88' lang='lat' dir='ltr'>ad</span> <span class='ocrx_word' id='word_1_86' title='bbox 920 1240 1023 1367; x_wconf 69' lang='lat' dir='ltr'>roll.</span> <span class='ocrx_word' id='word_1_87' title='bbox 1040 1304 1127 1368; x_wconf 88' lang='lat' dir='ltr'>Hist.</span> <span class='ocrx_word' id='word_1_88' title='bbox 1144 1305 1261 1370; x_wconf 76' lang='lat' dir='ltr'>Cincii.</span> 
     </span>
     <span class='ocr_line' id='line_1_13' title="bbox 238 1386 1262 1465; baseline 0.006 -16"><span class='ocrx_word' id='word_1_89' title='bbox 238 1386 447 1465; x_wconf 87' lang='lat' dir='ltr'>Generuiium,</span> <span class='ocrx_word' id='word_1_90' title='bbox 463 1395 702 1452; x_wconf 83' lang='lat' dir='ltr'>“exauctorato</span> <span class='ocrx_word' id='word_1_91' title='bbox 723 1389 889 1452; x_wconf 86' lang='lat' dir='ltr'>Marciano</span> <span class='ocrx_word' id='word_1_92' title='bbox 902 1390 1000 1453; x_wconf 88' lang='lat' dir='ltr'>alium</span> <span class='ocrx_word' id='word_1_93' title='bbox 1021 1389 1061 1452; x_wconf 91' lang='lat' dir='ltr'>ab</span> <span class='ocrx_word' id='word_1_94' title='bbox 1079 1389 1136 1453; x_wconf 93' lang='lat' dir='ltr'>illo</span> <span class='ocrx_word' id='word_1_95' title='bbox 1154 1390 1262 1455; x_wconf 85' lang='lat' dir='ltr'>omui·</span> 
     </span>
     <span class='ocr_line' id='line_1_14' title="bbox 235 1472 1261 1559; baseline 0.006 -25"><span class='ocrx_word' id='word_1_96' title='bbox 235 1477 258 1509; x_wconf 90' lang='lat'>“</span> <span class='ocrx_word' id='word_1_97' title='bbox 272 1495 328 1535; x_wconf 91' lang='lat' dir='ltr'>um</span> <span class='ocrx_word' id='word_1_98' title='bbox 343 1493 500 1535; x_wconf 90' lang='lat' dir='ltr'>consensu</span> <span class='ocrx_word' id='word_1_99' title='bbox 513 1472 545 1534; x_wconf 93' lang='lat' dir='ltr'>iu</span> <span class='ocrx_word' id='word_1_100' title='bbox 559 1473 629 1559; x_wconf 88' lang='lat' dir='ltr'>ejus</span> <span class='ocrx_word' id='word_1_101' title='bbox 642 1473 751 1536; x_wconf 91' lang='lat' dir='ltr'>locum</span> <span class='ocrx_word' id='word_1_102' title='bbox 767 1474 1027 1552; x_wconf 89' lang='lat' dir='ltr'>substituerent,&#39;&#39;</span> <span class='ocrx_word' id='word_1_103' title='bbox 1043 1495 1074 1559; x_wconf 91' lang='lat' dir='ltr'>p.</span> <span class='ocrx_word' id='word_1_104' title='bbox 1091 1488 1159 1539; x_wconf 70' lang='lat' dir='ltr'>wi.</span> <span class='ocrx_word' id='word_1_105' title='bbox 1188 1476 1261 1540; x_wconf 91' lang='lat' dir='ltr'>Ali·</span> 
     </span>
     <span class='ocr_line' id='line_1_15' title="bbox 234 1557 1262 1645; baseline 0.004 -24"><span class='ocrx_word' id='word_1_106' title='bbox 234 1558 312 1640; x_wconf 90' lang='lat' dir='ltr'>quid</span> <span class='ocrx_word' id='word_1_107' title='bbox 329 1579 400 1620; x_wconf 90' lang='lat' dir='ltr'>vero</span> <span class='ocrx_word' id='word_1_108' title='bbox 416 1557 597 1622; x_wconf 88' lang='lat' dir='ltr'>auctoritati</span> <span class='ocrx_word' id='word_1_109' title='bbox 617 1557 778 1622; x_wconf 90' lang='lat' dir='ltr'>literarum</span> <span class='ocrx_word' id='word_1_110' title='bbox 800 1560 872 1645; x_wconf 90' lang='lat' dir='ltr'>plus</span> <span class='ocrx_word' id='word_1_111' title='bbox 893 1560 997 1622; x_wconf 85' lang='lat' dir='ltr'>favens</span> <span class='ocrx_word' id='word_1_112' title='bbox 1019 1560 1110 1623; x_wconf 92' lang='lat' dir='ltr'>nobis</span> <span class='ocrx_word' id='word_1_113' title='bbox 1129 1560 1262 1625; x_wconf 87' lang='lat' dir='ltr'>suadere</span> 
     </span>
     <span class='ocr_line' id='line_1_16' title="bbox 233 1642 1260 1738; baseline 0.004 -33"><span class='ocrx_word' id='word_1_114' title='bbox 233 1642 345 1738; x_wconf 84' lang='lat' dir='ltr'>possit,</span> <span class='ocrx_word' id='word_1_115' title='bbox 362 1656 424 1705; x_wconf 87' lang='lat' dir='ltr'>non</span> <span class='ocrx_word' id='word_1_116' title='bbox 440 1654 563 1705; x_wconf 89' lang='lat' dir='ltr'>tautum</span> <span class='ocrx_word' id='word_1_117' title='bbox 580 1643 745 1706; x_wconf 89' lang='lat' dir='ltr'>verborum</span> <span class='ocrx_word' id='word_1_118' title='bbox 764 1645 876 1720; x_wconf 84' lang='lat' dir='ltr'>forma,</span> <span class='ocrx_word' id='word_1_119' title='bbox 891 1644 1059 1708; x_wconf 88' lang='lat' dir='ltr'>sedetiam</span> <span class='ocrx_word' id='word_1_120' title='bbox 1079 1645 1260 1730; x_wconf 85' lang='lat' dir='ltr'>exemplum</span> 
     </span>
     <span class='ocr_line' id='line_1_17' title="bbox 232 1727 1262 1813; baseline 0.004 -22"><span class='ocrx_word' id='word_1_121' title='bbox 232 1727 312 1791; x_wconf 77' lang='lat' dir='ltr'>illud</span> <span class='ocrx_word' id='word_1_122' title='bbox 336 1728 570 1791; x_wconf 88' lang='lat' dir='ltr'>substitutionis</span> <span class='ocrx_word' id='word_1_123' title='bbox 592 1728 815 1791; x_wconf 89' lang='lat' dir='ltr'>nonnullorum</span> <span class='ocrx_word' id='word_1_124' title='bbox 834 1729 1057 1813; x_wconf 88' lang='lat' dir='ltr'>episcoporum</span> <span class='ocrx_word' id='word_1_125' title='bbox 1073 1752 1092 1792; x_wconf 90' lang='lat' dir='ltr'>a</span> <span class='ocrx_word' id='word_1_126' title='bbox 1109 1730 1262 1795; x_wconf 88' lang='lat' dir='ltr'>Cornelio</span> 
     </span>
     <span class='ocr_line' id='line_1_18' title="bbox 233 1812 1262 1901; baseline 0 -24"><span class='ocrx_word' id='word_1_127' title='bbox 233 1812 335 1877; x_wconf 89' lang='lat' dir='ltr'>modo</span> <span class='ocrx_word' id='word_1_128' title='bbox 356 1826 513 1876; x_wconf 90' lang='lat' dir='ltr'>narratum</span> <span class='ocrx_word' id='word_1_129' title='bbox 537 1812 577 1875; x_wconf 90' lang='lat' dir='ltr'>ad</span> <span class='ocrx_word' id='word_1_130' title='bbox 600 1834 674 1897; x_wconf 85' lang='lat' dir='ltr'>pag.</span> <span class='ocrx_word' id='word_1_131' title='bbox 692 1829 739 1874; x_wconf 86' lang='lat'>11.</span> <span class='ocrx_word' id='word_1_132' title='bbox 759 1813 815 1876; x_wconf 89' lang='lat' dir='ltr'>liu.</span> <span class='ocrx_word' id='word_1_133' title='bbox 836 1820 880 1877; x_wconf 84' lang='lat' dir='ltr'>ro&#39;.</span> <span class='ocrx_word' id='word_1_134' title='bbox 918 1814 1014 1877; x_wconf 89' lang='lat' dir='ltr'>Certe</span> <span class='ocrx_word' id='word_1_135' title='bbox 1037 1815 1098 1877; x_wconf 94' lang='lat' dir='ltr'>hoc</span> <span class='ocrx_word' id='word_1_136' title='bbox 1117 1829 1262 1901; x_wconf 86' lang='lat' dir='ltr'>apparet,</span> 
     </span>
     <span class='ocr_line' id='line_1_19' title="bbox 232 1897 1261 1984; baseline 0.001 -22"><span class='ocrx_word' id='word_1_137' title='bbox 232 1921 340 1962; x_wconf 90' lang='lat' dir='ltr'>curam</span> <span class='ocrx_word' id='word_1_138' title='bbox 363 1899 500 1984; x_wconf 89' lang='lat' dir='ltr'>aliquam</span> <span class='ocrx_word' id='word_1_139' title='bbox 523 1897 757 1960; x_wconf 86' lang='lat' dir='ltr'>Arelatensium</span> <span class='ocrx_word' id='word_1_140' title='bbox 778 1900 820 1963; x_wconf 92' lang='lat' dir='ltr'>ad</span> <span class='ocrx_word' id='word_1_141' title='bbox 842 1899 977 1962; x_wconf 87' lang='lat' dir='ltr'>Romani</span> <span class='ocrx_word' id='word_1_142' title='bbox 997 1900 1137 1984; x_wconf 88' lang='lat' dir='ltr'>episcopi</span> <span class='ocrx_word' id='word_1_143' title='bbox 1160 1901 1261 1963; x_wconf 80' lang='lat' dir='ltr'>offici-</span> 
     </span>
     <span class='ocr_line' id='line_1_20' title="bbox 152 1982 1261 2070; baseline 0.007 -29"><span class='ocrx_word' id='word_1_144' title='bbox 152 2034 155 2041; x_wconf 91' lang='lat'>.</span> <span class='ocrx_word' id='word_1_145' title='bbox 232 2000 287 2048; x_wconf 91' lang='lat' dir='ltr'>urn</span> <span class='ocrx_word' id='word_1_146' title='bbox 304 1983 500 2069; x_wconf 89' lang='lat' dir='ltr'>pertinuisse.</span> <span class='ocrx_word' id='word_1_147' title='bbox 529 1982 697 2069; x_wconf 83' lang='lat' dir='ltr'>Synodurn</span> <span class='ocrx_word' id='word_1_148' title='bbox 712 1996 817 2047; x_wconf 89' lang='lat' dir='ltr'>autern</span> <span class='ocrx_word' id='word_1_149' title='bbox 834 1983 921 2046; x_wconf 87' lang='lat' dir='ltr'>illam</span> <span class='ocrx_word' id='word_1_150' title='bbox 939 1985 1093 2061; x_wconf 87' lang='lat' dir='ltr'>Italicam,</span> <span class='ocrx_word' id='word_1_151' title='bbox 1111 2006 1207 2070; x_wconf 88' lang='lat' dir='ltr'>quam</span> <span class='ocrx_word' id='word_1_152' title='bbox 1220 2008 1261 2049; x_wconf 80' lang='lat' dir='ltr'>ex</span> 
     </span>
     <span class='ocr_line' id='line_1_21' title="bbox 232 2066 1261 2159; baseline -0.001 -25"><span class='ocrx_word' id='word_1_153' title='bbox 232 2069 362 2135; x_wconf 88' lang='lat' dir='ltr'>Eusebii</span> <span class='ocrx_word' id='word_1_154' title='bbox 376 2068 477 2132; x_wconf 90' lang='lat' dir='ltr'>verbis</span> <span class='ocrx_word' id='word_1_155' title='bbox 490 2090 586 2155; x_wconf 91' lang='lat' dir='ltr'>supra</span> <span class='ocrx_word' id='word_1_156' title='bbox 599 2066 639 2131; x_wconf 92' lang='lat' dir='ltr'>ad</span> <span class='ocrx_word' id='word_1_157' title='bbox 652 2088 684 2154; x_wconf 92' lang='lat' dir='ltr'>p.</span> <span class='ocrx_word' id='word_1_158' title='bbox 694 2082 744 2131; x_wconf 81' lang='grc'>33.</span> <span class='ocrx_word' id='word_1_159' title='bbox 759 2068 863 2132; x_wconf 89' lang='lat' dir='ltr'>allatis</span> <span class='ocrx_word' id='word_1_160' title='bbox 875 2068 936 2131; x_wconf 87' lang='lat' dir='ltr'>sibi</span> <span class='ocrx_word' id='word_1_161' title='bbox 949 2068 1080 2153; x_wconf 81' lang='lat' dir='ltr'>collegit</span> <span class='ocrx_word' id='word_1_162' title='bbox 1094 2070 1261 2159; x_wconf 87' lang='lat' dir='ltr'>Hierony·</span> 
     </span>
     <span class='ocr_line' id='line_1_22' title="bbox 231 2153 1260 2240; baseline -0.001 -21"><span class='ocrx_word' id='word_1_163' title='bbox 231 2176 316 2233; x_wconf 88' lang='lat' dir='ltr'>mus,</span> <span class='ocrx_word' id='word_1_164' title='bbox 329 2169 435 2219; x_wconf 92' lang='lat' dir='ltr'>tuetur</span> <span class='ocrx_word' id='word_1_165' title='bbox 445 2154 572 2240; x_wconf 90' lang='lat' dir='ltr'>quidem</span> <span class='ocrx_word' id='word_1_166' title='bbox 587 2167 698 2216; x_wconf 88' lang='lat' dir='ltr'>contra</span> <span class='ocrx_word' id='word_1_167' title='bbox 715 2153 916 2216; x_wconf 86' lang='lat' dir='ltr'>Pearsonium</span> <span class='ocrx_word' id='word_1_168' title='bbox 928 2153 969 2216; x_wconf 89' lang='lat' dir='ltr'>de</span> <span class='ocrx_word' id='word_1_169' title='bbox 981 2153 1092 2216; x_wconf 91' lang='lat' dir='ltr'>eadem</span> <span class='ocrx_word' id='word_1_170' title='bbox 1107 2154 1260 2219; x_wconf 85' lang='lat' dir='ltr'>dubitau-</span> 
     </span>
     <span class='ocr_line' id='line_1_23' title="bbox 231 2237 1259 2322; baseline 0 -17"><span class='ocrx_word' id='word_1_171' title='bbox 231 2253 295 2305; x_wconf 89' lang='lat' dir='ltr'>tem</span> <span class='ocrx_word' id='word_1_172' title='bbox 311 2238 488 2322; x_wconf 81' lang='lat' dir='ltr'>Basnagius</span> <span class='ocrx_word' id='word_1_173' title='bbox 504 2237 543 2301; x_wconf 93' lang='lat' dir='ltr'>ad</span> <span class='ocrx_word' id='word_1_174' title='bbox 559 2260 631 2301; x_wconf 89' lang='lat' dir='ltr'>ann.</span> <span class='ocrx_word' id='word_1_175' title='bbox 644 2252 712 2299; x_wconf 83' lang='lat'>252.</span> <span class='ocrx_word' id='word_1_176' title='bbox 729 2253 806 2301; x_wconf 89' lang='lat' dir='ltr'>sect.</span> <span class='ocrx_word' id='word_1_177' title='bbox 820 2238 858 2300; x_wconf 91' lang='lat' dir='ltr'>vi.</span> <span class='ocrx_word' id='word_1_178' title='bbox 873 2259 905 2321; x_wconf 90' lang='lat' dir='ltr'>p.</span> <span class='ocrx_word' id='word_1_179' title='bbox 916 2244 986 2302; x_wconf 84' lang='lat'>366.</span> <span class='ocrx_word' id='word_1_180' title='bbox 996 2237 1174 2303; x_wconf 79' lang='lat' dir='ltr'>&#39;Annalium</span> <span class='ocrx_word' id='word_1_181' title='bbox 1182 2265 1196 2317; x_wconf 90' lang='lat'>,·</span> <span class='ocrx_word' id='word_1_182' title='bbox 1216 2260 1259 2305; x_wconf 86' lang='lat' dir='ltr'>an</span> 
     </span>
     <span class='ocr_line' id='line_1_24' title="bbox 230 2321 1258 2408; baseline 0.002 -21"><span class='ocrx_word' id='word_1_183' title='bbox 230 2346 303 2389; x_wconf 90' lang='lat' dir='ltr'>rero</span> <span class='ocrx_word' id='word_1_184' title='bbox 317 2323 461 2399; x_wconf 86' lang='lat' dir='ltr'>feliciter,</span> <span class='ocrx_word' id='word_1_185' title='bbox 472 2322 619 2408; x_wconf 84' lang='lat' dir='ltr'>judicent</span> <span class='ocrx_word' id='word_1_186' title='bbox 632 2321 696 2384; x_wconf 91' lang='lat' dir='ltr'>alii.</span> <span class='ocrx_word' id='word_1_187' title='bbox 727 2324 769 2387; x_wconf 89' lang='lat' dir='ltr'>Et</span> <span class='ocrx_word' id='word_1_188' title='bbox 782 2322 951 2387; x_wconf 90' lang='lat' dir='ltr'>nonnullos</span> <span class='ocrx_word' id='word_1_189' title='bbox 963 2324 1065 2386; x_wconf 90' lang='lat' dir='ltr'>inveni</span> <span class='ocrx_word' id='word_1_190' title='bbox 1080 2323 1162 2387; x_wconf 92' lang='lat' dir='ltr'>viros</span> <span class='ocrx_word' id='word_1_191' title='bbox 1177 2324 1258 2389; x_wconf 91' lang='lat' dir='ltr'>doc-</span> 
     </span>
     <span class='ocr_line' id='line_1_25' title="bbox 231 2406 1257 2494; baseline 0.001 -20"><span class='ocrx_word' id='word_1_192' title='bbox 231 2423 294 2488; x_wconf 89' lang='lat' dir='ltr'>tos,</span> <span class='ocrx_word' id='word_1_193' title='bbox 319 2420 394 2494; x_wconf 91' lang='lat' dir='ltr'>post</span> <span class='ocrx_word' id='word_1_194' title='bbox 415 2429 512 2493; x_wconf 88' lang='lat' dir='ltr'>quam</span> <span class='ocrx_word' id='word_1_195' title='bbox 536 2406 604 2470; x_wconf 87' lang='lat' dir='ltr'>haec</span> <span class='ocrx_word' id='word_1_196' title='bbox 630 2428 838 2487; x_wconf 87' lang='lat' dir='ltr'>exaraveram,</span> <span class='ocrx_word' id='word_1_197' title='bbox 861 2429 936 2471; x_wconf 91' lang='lat' dir='ltr'>cnm</span> <span class='ocrx_word' id='word_1_198' title='bbox 960 2408 1127 2473; x_wconf 84' lang='lat' dir='ltr'>l’earsonio</span> <span class='ocrx_word' id='word_1_199' title='bbox 1148 2409 1257 2475; x_wconf 88' lang='lat' dir='ltr'>adbuc</span> 
     </span>
     <span class='ocr_line' id='line_1_26' title="bbox 166 2494 411 2560; baseline -0.016 -1"><span class='ocrx_word' id='word_1_200' title='bbox 166 2552 169 2559; x_wconf 91' lang='lat'>.</span> <span class='ocrx_word' id='word_1_201' title='bbox 229 2494 411 2560; x_wconf 88' lang='lat' dir='ltr'>sentientes.</span> 
     </span>
    </p>

    <p class='ocr_par' dir='ltr' id='par_1_3' title="bbox 215 2577 1280 4275">
     <span class='ocr_line' id='line_1_27' title="bbox 272 2577 1280 2664; baseline 0 -20"><span class='ocrx_word' id='word_1_202' title='bbox 272 2581 338 2644; x_wconf 82' lang='lat' dir='ltr'>ch</span> <span class='ocrx_word' id='word_1_203' title='bbox 352 2577 490 2664; x_wconf 89' lang='lat' dir='ltr'>denique</span> <span class='ocrx_word' id='word_1_204' title='bbox 504 2598 578 2641; x_wconf 91' lang='lat' dir='ltr'>curn</span> <span class='ocrx_word' id='word_1_205' title='bbox 595 2577 731 2642; x_wconf 88' lang='lat' dir='ltr'>veritatis</span> <span class='ocrx_word' id='word_1_206' title='bbox 751 2585 819 2641; x_wconf 88' lang='lat' dir='ltr'>turn</span> <span class='ocrx_word' id='word_1_207' title='bbox 840 2580 873 2642; x_wconf 91' lang='lat' dir='ltr'>S.</span> <span class='ocrx_word' id='word_1_208' title='bbox 888 2578 1029 2643; x_wconf 87' lang='lat' dir='ltr'>Cornelii</span> <span class='ocrx_word' id='word_1_209' title='bbox 1047 2584 1143 2644; x_wconf 73' lang='lat' dir='ltr'>causi</span> <span class='ocrx_word' id='word_1_210' title='bbox 1162 2579 1258 2645; x_wconf 84' lang='lat' dir='ltr'>verbs</span> <span class='ocrx_word' id='word_1_211' title='bbox 1275 2632 1280 2645; x_wconf 84' lang='lat'>.</span> 
     </span>
     <span class='ocr_line' id='line_1_28' title="bbox 227 2664 1256 2753; baseline -0.003 -22"><span class='ocrx_word' id='word_1_212' title='bbox 227 2666 280 2753; x_wconf 86' lang='lat' dir='ltr'>cy</span> <span class='ocrx_word' id='word_1_213' title='bbox 304 2664 381 2728; x_wconf 92' lang='lat' dir='ltr'>riani</span> <span class='ocrx_word' id='word_1_214' title='bbox 395 2684 566 2748; x_wconf 90' lang='lat' dir='ltr'>apponam,</span> <span class='ocrx_word' id='word_1_215' title='bbox 581 2664 635 2748; x_wconf 89' lang='lat' dir='ltr'>qui</span> <span class='ocrx_word' id='word_1_216' title='bbox 649 2684 713 2726; x_wconf 89' lang='lat' dir='ltr'>una</span> <span class='ocrx_word' id='word_1_217' title='bbox 730 2684 802 2726; x_wconf 91' lang='lat' dir='ltr'>cum</span> <span class='ocrx_word' id='word_1_218' title='bbox 819 2665 940 2727; x_wconf 84' lang='lat' dir='ltr'>caeteris</span> <span class='ocrx_word' id='word_1_219' title='bbox 956 2665 1113 2750; x_wconf 89' lang='lat' dir='ltr'>episcopis</span> <span class='ocrx_word' id='word_1_220' title='bbox 1128 2664 1256 2728; x_wconf 83' lang='lat' dir='ltr'>Africa-</span> 
     </span>
     <span class='ocr_line' id='line_1_29' title="bbox 227 2686 1256 2833; baseline -0.001 -19"><span class='ocrx_word' id='word_1_221' title='bbox 227 2686 351 2814; x_wconf 79' lang='lat' dir='ltr'>nislroc</span> <span class='ocrx_word' id='word_1_222' title='bbox 365 2748 441 2813; x_wconf 91' lang='lat' dir='ltr'>olim</span> <span class='ocrx_word' id='word_1_223' title='bbox 456 2759 619 2826; x_wconf 88' lang='lat' dir='ltr'>statuerat,</span> <span class='ocrx_word' id='word_1_224' title='bbox 635 2747 742 2810; x_wconf 87' lang='lat' dir='ltr'>omnia</span> <span class='ocrx_word' id='word_1_225' title='bbox 755 2748 881 2833; x_wconf 80' lang='lat' dir='ltr'>integra</span> <span class='ocrx_word' id='word_1_226' title='bbox 895 2748 1081 2813; x_wconf 88' lang='lat' dir='ltr'>reservanda</span> <span class='ocrx_word' id='word_1_227' title='bbox 1098 2769 1179 2827; x_wconf 89' lang='lat' dir='ltr'>esse,</span> <span class='ocrx_word' id='word_1_228' title='bbox 1194 2746 1256 2813; x_wconf 87' lang='lat' dir='ltr'>do·</span> 
     </span>
     <span class='ocr_line' id='line_1_30' title="bbox 228 2832 1256 2920; baseline -0.001 -20"><span class='ocrx_word' id='word_1_229' title='bbox 228 2856 286 2900; x_wconf 90' lang='lat' dir='ltr'>nec</span> <span class='ocrx_word' id='word_1_230' title='bbox 300 2835 400 2920; x_wconf 87' lang='lat' dir='ltr'>legati</span> <span class='ocrx_word' id='word_1_231' title='bbox 415 2833 475 2912; x_wconf 91' lang='lat' dir='ltr'>sui,</span> <span class='ocrx_word' id='word_1_232' title='bbox 487 2832 540 2895; x_wconf 89' lang='lat' dir='ltr'>alii</span> <span class='ocrx_word' id='word_1_233' title='bbox 555 2833 631 2896; x_wconf 91' lang='lat' dir='ltr'>item</span> <span class='ocrx_word' id='word_1_234' title='bbox 643 2832 795 2917; x_wconf 90' lang='lat' dir='ltr'>episcopi,</span> <span class='ocrx_word' id='word_1_235' title='bbox 809 2854 887 2918; x_wconf 88' lang='lat' dir='ltr'>pace</span> <span class='ocrx_word' id='word_1_236' title='bbox 900 2835 1045 2898; x_wconf 87' lang='lat' dir='ltr'>restituta</span> <span class='ocrx_word' id='word_1_237' title='bbox 1057 2847 1113 2898; x_wconf 90' lang='lat' dir='ltr'>aut</span> <span class='ocrx_word' id='word_1_238' title='bbox 1123 2835 1256 2899; x_wconf 70' lang='lat' dir='ltr'>rerimte</span> 
     </span>
     <span class='ocr_line' id='line_1_31' title="bbox 227 2917 1257 3005; baseline -0.001 -21"><span class='ocrx_word' id='word_1_239' title='bbox 227 2933 391 3005; x_wconf 89' lang='lat' dir='ltr'>comperta</span> <span class='ocrx_word' id='word_1_240' title='bbox 407 2920 510 2983; x_wconf 73' lang='lat' dir='ltr'>Romi</span> <span class='ocrx_word' id='word_1_241' title='bbox 522 2917 679 2994; x_wconf 83' lang='lat' dir='ltr'>redirent3</span> <span class='ocrx_word' id='word_1_242' title='bbox 702 2917 771 2980; x_wconf 89' lang='lat' dir='ltr'>haec</span> <span class='ocrx_word' id='word_1_243' title='bbox 785 2919 868 2981; x_wconf 90' lang='lat' dir='ltr'>enirn</span> <span class='ocrx_word' id='word_1_244' title='bbox 885 2917 925 2982; x_wconf 90' lang='lat' dir='ltr'>ad</span> <span class='ocrx_word' id='word_1_245' title='bbox 940 2918 1124 2985; x_wconf 87' lang='lat' dir='ltr'>Cornelium</span> <span class='ocrx_word' id='word_1_246' title='bbox 1140 2932 1257 3004; x_wconf 82' lang='lat' dir='ltr'>postea</span> 
     </span>
     <span class='ocr_line' id='line_1_32' title="bbox 226 3002 1253 3089; baseline -0.001 -20"><span class='ocrx_word' id='word_1_247' title='bbox 226 3004 357 3070; x_wconf 86' lang='lat' dir='ltr'>scribit:</span> <span class='ocrx_word' id='word_1_248' title='bbox 383 3004 472 3089; x_wconf 85' lang='lat' dir='ltr'>Quod</span> <span class='ocrx_word' id='word_1_249' title='bbox 484 3003 632 3066; x_wconf 84' lang='lat' dir='ltr'>diuinitus</span> <span class='ocrx_word' id='word_1_250' title='bbox 645 3002 776 3065; x_wconf 82' lang='lat' dir='ltr'>eumisse</span> <span class='ocrx_word' id='word_1_251' title='bbox 793 3013 823 3066; x_wconf 90' lang='lat' dir='ltr'>et</span> <span class='ocrx_word' id='word_1_252' title='bbox 845 3003 1003 3066; x_wconf 90' lang='lat' dir='ltr'>consilium</span> <span class='ocrx_word' id='word_1_253' title='bbox 1023 3015 1159 3067; x_wconf 85' lang='lat' dir='ltr'>nostrum</span> <span class='ocrx_word' id='word_1_254' title='bbox 1176 3019 1253 3088; x_wconf 85' lang='lat' dir='ltr'>pro·</span> 
     </span>
     <span class='ocr_line' id='line_1_33' title="bbox 225 3087 1255 3174; baseline -0.001 -20"><span class='ocrx_word' id='word_1_255' title='bbox 225 3090 363 3154; x_wconf 78' lang='lat' dir='ltr'>videnter</span> <span class='ocrx_word' id='word_1_256' title='bbox 380 3087 558 3174; x_wconf 85' lang='lat' dir='ltr'>processisse</span> <span class='ocrx_word' id='word_1_257' title='bbox 576 3087 755 3174; x_wconf 81' lang='lat' dir='ltr'>gaudemus.</span> <span class='ocrx_word' id='word_1_258' title='bbox 794 3088 845 3150; x_wconf 88' lang='lat' dir='ltr'>Sic</span> <span class='ocrx_word' id='word_1_259' title='bbox 867 3087 1046 3169; x_wconf 27' lang='lat' dir='ltr'>enim-nunc</span> <span class='ocrx_word' id='word_1_260' title='bbox 1063 3088 1255 3173; x_wconf 82' lang='lat' dir='ltr'>episcopatus</span> 
     </span>
     <span class='ocr_line' id='line_1_34' title="bbox 227 3171 1254 3258; baseline -0.001 -19"><span class='ocrx_word' id='word_1_261' title='bbox 227 3176 274 3239; x_wconf 89' lang='lat' dir='ltr'>tui</span> <span class='ocrx_word' id='word_1_262' title='bbox 293 3185 323 3239; x_wconf 88' lang='lat' dir='ltr'>et</span> <span class='ocrx_word' id='word_1_263' title='bbox 344 3175 458 3239; x_wconf 88' lang='lat' dir='ltr'>ueritus</span> <span class='ocrx_word' id='word_1_264' title='bbox 475 3173 595 3257; x_wconf 88' lang='lat' dir='ltr'>puriter</span> <span class='ocrx_word' id='word_1_265' title='bbox 613 3184 643 3236; x_wconf 87' lang='lat' dir='ltr'>et</span> <span class='ocrx_word' id='word_1_266' title='bbox 660 3171 799 3258; x_wconf 82' lang='lat' dir='ltr'>dignitas</span> <span class='ocrx_word' id='word_1_267' title='bbox 813 3172 1008 3256; x_wconf 87' lang='lat' dir='ltr'>apertissima</span> <span class='ocrx_word' id='word_1_268' title='bbox 1023 3173 1089 3236; x_wconf 89' lang='lat' dir='ltr'>luce</span> <span class='ocrx_word' id='word_1_269' title='bbox 1102 3184 1133 3237; x_wconf 92' lang='lat' dir='ltr'>et</span> <span class='ocrx_word' id='word_1_270' title='bbox 1147 3174 1254 3238; x_wconf 83' lang='lat' dir='ltr'>raoni·</span> 
     </span>
     <span class='ocr_line' id='line_1_35' title="bbox 215 3256 1255 3346; baseline 0 -21"><span class='ocrx_word' id='word_1_271' title='bbox 215 3260 393 3346; x_wconf 87' lang='lat' dir='ltr'>festissimo</span> <span class='ocrx_word' id='word_1_272' title='bbox 413 3270 444 3324; x_wconf 87' lang='lat' dir='ltr'>et</span> <span class='ocrx_word' id='word_1_273' title='bbox 454 3256 641 3344; x_wconf 81' lang='lat' dir='ltr'>firmissima</span> <span class='ocrx_word' id='word_1_274' title='bbox 661 3256 903 3339; x_wconf 76' lang='lat' dir='ltr'>comprobatione</span> <span class='ocrx_word' id='word_1_275' title='bbox 913 3257 1058 3343; x_wconf 68' lang='lat' dir='ltr'>fundato</span> <span class='ocrx_word' id='word_1_276' title='bbox 1079 3268 1135 3335; x_wconf 88' lang='lat' dir='ltr'>est,</span> <span class='ocrx_word' id='word_1_277' title='bbox 1156 3268 1192 3323; x_wconf 86' lang='lat' dir='ltr'>ut</span> <span class='ocrx_word' id='word_1_278' title='bbox 1212 3282 1255 3325; x_wconf 79' lang='lat' dir='ltr'>etc</span> 
     </span>
     <span class='ocr_line' id='line_1_36' title="bbox 223 3342 1254 3431; baseline -0.003 -21"><span class='ocrx_word' id='word_1_279' title='bbox 223 3347 380 3431; x_wconf 86' lang='lat' dir='ltr'>rescriptis</span> <span class='ocrx_word' id='word_1_280' title='bbox 393 3343 580 3431; x_wconf 84' lang='lat' dir='ltr'>collegarum</span> <span class='ocrx_word' id='word_1_281' title='bbox 595 3356 776 3421; x_wconf 81' lang='lat' dir='ltr'>reostrorum,</span> <span class='ocrx_word' id='word_1_282' title='bbox 792 3343 845 3428; x_wconf 80' lang='lat' dir='ltr'>qui</span> <span class='ocrx_word' id='word_1_283' title='bbox 860 3343 901 3404; x_wconf 85' lang='lat' dir='ltr'>ud</span> <span class='ocrx_word' id='word_1_284' title='bbox 914 3364 969 3407; x_wconf 91' lang='lat' dir='ltr'>nos</span> <span class='ocrx_word' id='word_1_285' title='bbox 985 3342 1092 3406; x_wconf 80' lang='lat' dir='ltr'>literas</span> <span class='ocrx_word' id='word_1_286' title='bbox 1109 3342 1181 3408; x_wconf 82' lang='lat' dir='ltr'>inde</span> <span class='ocrx_word' id='word_1_287' title='bbox 1191 3342 1254 3428; x_wconf 85' lang='lat' dir='ltr'>fe·</span> 
     </span>
     <span class='ocr_line' id='line_1_37' title="bbox 224 3426 1254 3524; baseline 0 -30"><span class='ocrx_word' id='word_1_288' title='bbox 224 3441 340 3510; x_wconf 80' lang='lat' dir='ltr'>cerum,</span> <span class='ocrx_word' id='word_1_289' title='bbox 355 3442 386 3494; x_wconf 85' lang='lat' dir='ltr'>et</span> <span class='ocrx_word' id='word_1_290' title='bbox 400 3453 440 3494; x_wconf 80' lang='lat' dir='ltr'>en</span> <span class='ocrx_word' id='word_1_291' title='bbox 454 3429 600 3492; x_wconf 83' lang='lat' dir='ltr'>relatione</span> <span class='ocrx_word' id='word_1_292' title='bbox 613 3450 649 3491; x_wconf 91' lang='lat' dir='ltr'>uc</span> <span class='ocrx_word' id='word_1_293' title='bbox 664 3426 843 3490; x_wconf 80' lang='lat' dir='ltr'>testimoniis</span> <span class='ocrx_word' id='word_1_294' title='bbox 859 3429 1096 3524; x_wconf 74' lang='lat' dir='ltr'>coepiscoporum</span> <span class='ocrx_word' id='word_1_295' title='bbox 1111 3428 1254 3513; x_wconf 86' lang='lat' dir='ltr'>Pompeii</span> 
     </span>
     <span class='ocr_line' id='line_1_38' title="bbox 224 3511 1252 3599; baseline -0.002 -20"><span class='ocrx_word' id='word_1_296' title='bbox 224 3525 254 3579; x_wconf 88' lang='lat' dir='ltr'>et</span> <span class='ocrx_word' id='word_1_297' title='bbox 269 3513 417 3599; x_wconf 75' lang='lat' dir='ltr'>Stephani</span> <span class='ocrx_word' id='word_1_298' title='bbox 427 3524 457 3577; x_wconf 87' lang='lat' dir='ltr'>et</span> <span class='ocrx_word' id='word_1_299' title='bbox 473 3511 615 3577; x_wconf 80' lang='lat' dir='ltr'>Cnidonii</span> <span class='ocrx_word' id='word_1_300' title='bbox 627 3534 663 3574; x_wconf 90' lang='lat' dir='ltr'>uc</span> <span class='ocrx_word' id='word_1_301' title='bbox 675 3511 837 3574; x_wconf 86' lang='lat' dir='ltr'>Fortunati</span> <span class='ocrx_word' id='word_1_302' title='bbox 848 3512 1047 3576; x_wconf 77' lang='lat' dir='ltr'>ordinationis</span> <span class='ocrx_word' id='word_1_303' title='bbox 1063 3522 1128 3576; x_wconf 82' lang='lat' dir='ltr'>tuce</span> <span class='ocrx_word' id='word_1_304' title='bbox 1141 3520 1172 3575; x_wconf 89' lang='lat' dir='ltr'>et</span> <span class='ocrx_word' id='word_1_305' title='bbox 1187 3512 1252 3577; x_wconf 82' lang='lat' dir='ltr'>ori·</span> 
     </span>
     <span class='ocr_line' id='line_1_39' title="bbox 222 3595 1251 3688; baseline 0 -25"><span class='ocrx_word' id='word_1_306' title='bbox 222 3622 261 3688; x_wconf 85' lang='lat' dir='ltr'>gc</span> <span class='ocrx_word' id='word_1_307' title='bbox 276 3598 444 3663; x_wconf 84' lang='lat' dir='ltr'>necessaria</span> <span class='ocrx_word' id='word_1_308' title='bbox 457 3608 488 3661; x_wconf 88' lang='lat' dir='ltr'>et</span> <span class='ocrx_word' id='word_1_309' title='bbox 502 3596 582 3659; x_wconf 85' lang='lat' dir='ltr'>ratio</span> <span class='ocrx_word' id='word_1_310' title='bbox 591 3598 682 3678; x_wconf 84' lang='lat' dir='ltr'>justu</span> <span class='ocrx_word' id='word_1_311' title='bbox 697 3607 726 3660; x_wconf 87' lang='lat' dir='ltr'>et</span> <span class='ocrx_word' id='word_1_312' title='bbox 740 3595 876 3683; x_wconf 84' lang='lat' dir='ltr'>glorioso</span> <span class='ocrx_word' id='word_1_313' title='bbox 891 3618 1009 3683; x_wconf 84' lang='lat' dir='ltr'>quoque</span> <span class='ocrx_word' id='word_1_314' title='bbox 1023 3597 1194 3661; x_wconf 81' lang='lat' dir='ltr'>innocentio</span> <span class='ocrx_word' id='word_1_315' title='bbox 1210 3598 1251 3663; x_wconf 81' lang='lat' dir='ltr'>ob</span> 
     </span>
     <span class='ocr_line' id='line_1_40' title="bbox 223 3681 1251 3767; baseline -0.001 -18"><span class='ocrx_word' id='word_1_316' title='bbox 223 3683 361 3751; x_wconf 85' lang='lat' dir='ltr'>omnihus</span> <span class='ocrx_word' id='word_1_317' title='bbox 372 3694 551 3746; x_wconf 70' lang='lat' dir='ltr'>noscuetur.</span> <span class='ocrx_word' id='word_1_318' title='bbox 574 3682 678 3765; x_wconf 87' lang='lat' dir='ltr'>Epist.</span> <span class='ocrx_word' id='word_1_319' title='bbox 689 3694 740 3745; x_wconf 81' lang='lat'>45.</span> <span class='ocrx_word' id='word_1_320' title='bbox 755 3702 811 3745; x_wconf 91' lang='lat' dir='ltr'>seu</span> <span class='ocrx_word' id='word_1_321' title='bbox 822 3694 871 3744; x_wconf 83' lang='lat'>48.</span> <span class='ocrx_word' id='word_1_322' title='bbox 886 3702 917 3767; x_wconf 94' lang='lat' dir='ltr'>p.</span> <span class='ocrx_word' id='word_1_323' title='bbox 931 3699 980 3759; x_wconf 85' lang='lat'>59.</span> <span class='ocrx_word' id='word_1_324' title='bbox 1004 3681 1080 3745; x_wconf 89' lang='lat' dir='ltr'>Vid.</span> <span class='ocrx_word' id='word_1_325' title='bbox 1096 3696 1128 3746; x_wconf 90' lang='lat' dir='ltr'>et</span> <span class='ocrx_word' id='word_1_326' title='bbox 1142 3682 1251 3766; x_wconf 86' lang='lat' dir='ltr'>Epist.</span> 
     </span>
     <span class='ocr_line' id='line_1_41' title="bbox 222 3765 1251 3853; baseline -0.003 -18"><span class='ocrx_word' id='word_1_327' title='bbox 222 3771 263 3835; x_wconf 84' lang='lat' dir='ltr'>od</span> <span class='ocrx_word' id='word_1_328' title='bbox 275 3766 489 3834; x_wconf 86' lang='lat' dir='ltr'>Antonianum</span> <span class='ocrx_word' id='word_1_329' title='bbox 502 3788 576 3853; x_wconf 83' lang='lat' dir='ltr'>pag.</span> <span class='ocrx_word' id='word_1_330' title='bbox 588 3774 637 3831; x_wconf 78' lang='lat'>68.</span> <span class='ocrx_word' id='word_1_331' title='bbox 667 3767 728 3830; x_wconf 92' lang='lat' dir='ltr'>His</span> <span class='ocrx_word' id='word_1_332' title='bbox 749 3765 888 3851; x_wconf 87' lang='lat' dir='ltr'>insuper,</span> <span class='ocrx_word' id='word_1_333' title='bbox 909 3767 987 3852; x_wconf 91' lang='lat' dir='ltr'>quid</span> <span class='ocrx_word' id='word_1_334' title='bbox 1008 3766 1048 3829; x_wconf 89' lang='lat' dir='ltr'>de</span> <span class='ocrx_word' id='word_1_335' title='bbox 1066 3767 1251 3832; x_wconf 89' lang='lat' dir='ltr'>Noratiano</span> 
     </span>
     <span class='ocr_line' id='line_1_42' title="bbox 221 3851 1250 3939; baseline -0.003 -20"><span class='ocrx_word' id='word_1_336' title='bbox 221 3868 318 3939; x_wconf 87' lang='lat' dir='ltr'>atque</span> <span class='ocrx_word' id='word_1_337' title='bbox 344 3874 440 3917; x_wconf 87' lang='lat' dir='ltr'>causa</span> <span class='ocrx_word' id='word_1_338' title='bbox 464 3852 534 3938; x_wconf 89' lang='lat' dir='ltr'>ejus</span> <span class='ocrx_word' id='word_1_339' title='bbox 560 3852 692 3916; x_wconf 92' lang='lat' dir='ltr'>senserit</span> <span class='ocrx_word' id='word_1_340' title='bbox 715 3872 851 3936; x_wconf 85' lang='lat' dir='ltr'>magnus</span> <span class='ocrx_word' id='word_1_341' title='bbox 877 3851 1054 3937; x_wconf 85' lang='lat' dir='ltr'>Dionysius</span> <span class='ocrx_word' id='word_1_342' title='bbox 1077 3851 1171 3914; x_wconf 85' lang='lat' dir='ltr'>Alex.</span> <span class='ocrx_word' id='word_1_343' title='bbox 1192 3874 1250 3917; x_wconf 88' lang='lat' dir='ltr'>os·</span> 
     </span>
     <span class='ocr_line' id='line_1_43' title="bbox 221 3936 1250 4022; baseline -0.003 -18"><span class='ocrx_word' id='word_1_344' title='bbox 221 3939 362 4006; x_wconf 89' lang='lat' dir='ltr'>tenditur</span> <span class='ocrx_word' id='word_1_345' title='bbox 386 3939 568 4022; x_wconf 79' lang='lat' dir='ltr'>fragmento</span> <span class='ocrx_word' id='word_1_346' title='bbox 593 3936 738 4022; x_wconf 87' lang='lat' dir='ltr'>epistolae</span> <span class='ocrx_word' id='word_1_347' title='bbox 763 3936 832 4022; x_wconf 87' lang='lat' dir='ltr'>ejus</span> <span class='ocrx_word' id='word_1_348' title='bbox 860 3937 900 4000; x_wconf 91' lang='lat' dir='ltr'>ad</span> <span class='ocrx_word' id='word_1_349' title='bbox 927 3937 1153 4021; x_wconf 87' lang='lat' dir='ltr'>cognominem</span> <span class='ocrx_word' id='word_1_350' title='bbox 1181 3937 1250 4001; x_wconf 87' lang='lat' dir='ltr'>Ro·</span> 
     </span>
     <span class='ocr_line' id='line_1_44' title="bbox 221 4020 1250 4108; baseline -0.009 -18"><span class='ocrx_word' id='word_1_351' title='bbox 221 4044 351 4090; x_wconf 87' lang='lat' dir='ltr'>manum</span> <span class='ocrx_word' id='word_1_352' title='bbox 367 4023 553 4108; x_wconf 88' lang='lat' dir='ltr'>episcopum</span> <span class='ocrx_word' id='word_1_353' title='bbox 571 4021 656 4107; x_wconf 89' lang='lat' dir='ltr'>apud</span> <span class='ocrx_word' id='word_1_354' title='bbox 674 4021 791 4084; x_wconf 87' lang='lat' dir='ltr'>Enseb.</span> <span class='ocrx_word' id='word_1_355' title='bbox 808 4020 864 4083; x_wconf 91' lang='lat' dir='ltr'>lib.</span> <span class='ocrx_word' id='word_1_356' title='bbox 878 4021 929 4083; x_wconf 87' lang='lat' dir='ltr'>vii.</span> <span class='ocrx_word' id='word_1_357' title='bbox 943 4042 1014 4105; x_wconf 89' lang='lat' dir='ltr'>cap.</span> <span class='ocrx_word' id='word_1_358' title='bbox 1029 4034 1057 4084; x_wconf 80' lang='lat'>8.</span> <span class='ocrx_word' id='word_1_359' title='bbox 1080 4025 1250 4105; x_wconf 60' lang='lat' dir='ltr'>Nouariam}</span> 
     </span>
     <span class='ocr_line' id='line_1_45' title="bbox 220 4105 1248 4196; baseline -0.006 -23"><span class='ocrx_word' id='word_1_360' title='bbox 220 4112 271 4191; x_wconf 73' lang='lat' dir='ltr'>nir</span> <span class='ocrx_word' id='word_1_361' title='bbox 288 4113 348 4196; x_wconf 62' lang='grc' dir='ltr'>γὰρ</span> <span class='ocrx_word' id='word_1_362' title='bbox 368 4107 488 4193; x_wconf 62' lang='lat' dir='ltr'>asiniuus</span> <span class='ocrx_word' id='word_1_363' title='bbox 507 4105 738 4193; x_wconf 49' lang='grc' dir='ltr'>ἀπαθανόμεθα,</span> <span class='ocrx_word' id='word_1_364' title='bbox 753 4105 856 4191; x_wconf 91' lang='lat' dir='ltr'>inquit</span> <span class='ocrx_word' id='word_1_365' title='bbox 875 4105 940 4182; x_wconf 89' lang='lat' dir='ltr'>illc,</span> <span class='ocrx_word' id='word_1_366' title='bbox 957 4106 1118 4179; x_wconf 67' lang='lat' dir='ltr'>tranitem</span> <span class='ocrx_word' id='word_1_367' title='bbox 1135 4108 1248 4181; x_wconf 67' lang='lat' dir='ltr'>sirin-</span> 
     </span>
     <span class='ocr_line' id='line_1_46' title="bbox 221 4188 1248 4275; baseline -0.007 -15"><span class='ocrx_word' id='word_1_368' title='bbox 221 4193 351 4272; x_wconf 69' lang='lat' dir='ltr'>nauto,</span> <span class='ocrx_word' id='word_1_369' title='bbox 363 4192 412 4257; x_wconf 79' lang='lat' dir='ltr'>nul</span> <span class='ocrx_word' id='word_1_370' title='bbox 425 4218 500 4268; x_wconf 78' lang='grc' dir='ltr'><strong><em>τινας</em></strong></span> <span class='ocrx_word' id='word_1_371' title='bbox 513 4201 566 4256; x_wconf 75' lang='grc' dir='ltr'>τῶν</span> <span class='ocrx_word' id='word_1_372' title='bbox 579 4193 701 4275; x_wconf 74' lang='grc' dir='ltr'>ἀδελφῶν</span> <span class='ocrx_word' id='word_1_373' title='bbox 716 4194 752 4263; x_wconf 80' lang='grc' dir='ltr'>εἰς</span> <span class='ocrx_word' id='word_1_374' title='bbox 766 4188 893 4263; x_wconf 61' lang='lat' dir='ltr'>&amp;critiae</span> <span class='ocrx_word' id='word_1_375' title='bbox 908 4188 955 4269; x_wconf 67' lang='lat' dir='ltr'>aa}</span> <span class='ocrx_word' id='word_1_376' title='bbox 966 4188 1147 4274; x_wconf 75' lang='grc' dir='ltr'><strong><em>βλασφημίας</em></strong></span> <span class='ocrx_word' id='word_1_377' title='bbox 1161 4190 1248 4253; x_wconf 73' lang='grc' dir='ltr'><strong>ἑλκό-</strong></span> 
     </span>
    </p>
   </div>
   <div class='ocr_carea' id='block_1_3' title="bbox 0 0 1344 4756">
    <p class='ocr_par' dir='ltr' id='par_1_4' title="bbox 0 0 1344 4756">
     <span class='ocr_line' id='line_1_47' title="bbox 0 0 1344 4756; baseline 0 6"><span class='ocrx_word' id='word_1_378' title='bbox 0 0 1344 4756; x_wconf 95' lang='lat' dir='ltr'> </span> 
     </span>
    </p>
   </div>
  </div>
 </body>
</html>
