2678 4756
321 296 376 366 ur
398 286 883 365 coucmm'cauruno.
1058 312 1117 384 ιι,

68 469 176 535 tentia
189 454 299 556 positi,
314 471 363 535 sui
378 459 552 555 specimina
566 460 720 549 fecerunt,
734 467 822 556 quod
839 467 926 553 prius
940 489 1005 533 nou
1016 458 1118 534 ¹fecis-

68 571 156 620 seut.
202 556 302 620 Porro
317 555 507 634 notandum,
522 558 610 642 quod
632 557 795 641 lapsorum
815 555 988 618 commoda
1003 557 1119 619 cedere

13 692 17 697 .
68 640 237 705 debebant
252 641 383 706 utilitati
399 640 562 720 ecclesiae3
586 658 618 704 et
638 656 804 727 uteunque
824 639 1003 726 optandum
1020 639 1117 705 luerit

68 726 134 790 illis
156 726 319 791 dominica
341 728 508 791 saturitate
529 727 661 813 perfrui,
683 741 716 790 et
738 728 783 790 ita
802 727 841 788 ad
863 725 1044 811 passionem
1067 748 1116 789 ar-

67 812 174 890 mari3
198 812 268 876 haec
285 814 315 876 in
331 812 621 876 considerationem
637 835 700 875 non
717 812 883 875 veniebant
900 809 1003 874 donec
1019 811 1118 875 disci·

66 895 169 982 plinae
191 897 429 977 ecclesiastice,
446 920 502 983 per
519 919 630 983 poenas
653 898 925 982 indelinquentes
946 897 1117 981 irrogatas,

68 982 184 1046 fuisset
204 982 416 1047 satisfactum.
464 978 535 1046 lmo
553 983 715 1068 lapsorum
736 982 917 1046 commodis
932 998 997 1044 tam
1013 983 1115 1047 crudo

67 1076 102 1130 e't
117 1069 305 1152 importuno
322 1082 467 1153 tempore
482 1091 545 1131 non
567 1069 762 1132 conduceret
778 1080 815 1130 ut
829 1067 1005 1151 mortiferos
1020 1068 1084 1130 idol
1101 1104 1116 1119 ·

66 1174 141 1215 inm
161 1151 242 1216 cibos
264 1153 365 1217 adine
383 1169 462 1238 pene
481 1165 650 1232 ructantes,
664 1153 882 1218 exhalantibus
902 1153 996 1234 etium
1016 1153 1114 1217 scelus

67 1246 159 1300 sunm
174 1237 341 1323 faucibus,
364 1249 395 1302 et
409 1239 547 1324 surrecta
574 1251 664 1303 conto
688 1239 718 1302 ia
745 1236 960 1315 redolenti-lus,
984 1237 1115 1301 Domini

66 1337 178 1407 corpus
199 1323 390 1393 invaderent.
428 1326 535 1388 Verba
562 1339 637 1388 sunt
662 1264 816 1410 Dypriani
839 1325 894 1386 lib.
919 1324 959 1385 de
987 1325 1113 1408 Lapsis.

66 1407 134 1472 Sed
158 1409 405 1494 expectandum,
429 1424 462 1473 et
488 1425 525 1473 ut
550 1410 656 1473 lCor.
674 1413 716 1473 xi.
731 1425 781 1474 28.
800 1409 896 1495 jubet
920 1410 1113 1493 Apostolus,

65 1491 156 1557 homo
172 1515 205 1557 se
221 1492 344 1580 prodet,
361 1506 389 1558 et
405 1495 449 1558 sic
463 1494 594 1580 depone
608 1497 679 1559 edat
695 1507 725 1559 et
740 1496 777 1558 de
792 1493 886 1579 calice
902 1493 997 1557 litat.
1022 1497 1046 1558 F
1049 1516 1115 1558 Et.-

67 1598 154 1643 tus.

111 1664 148 1728 P.
162 1678 214 1748 70.
231 1664 253 1728 l.
267 1676 297 1740 7.
320 1666 439 1729 crebris
455 1678 487 1729 at
512 1687 552 1730 ue
572 1666 705 1730 assiduis
721 1666 972 1749 ostensionibus]
991 1666 1059 1728 Sub
1077 1665 1114 1728 fi·

65 1770 142 1813 nem
158 1750 333 1836 Epistolae:
358 1752 428 1814 Hoc
449 1689 535 1814 nolis
557 1750 707 1815 divinitus
718 1750 907 1838 frequenter
929 1751 1112 1815 ostenditur.

65 1835 161 1898 ldem
177 1852 413 1900 commemorat
436 1837 583 1922 Epistola
605 1837 645 1900 ad
664 1837 901 1912 Thibaritunos,
918 1859 999 1922 quos
1015 1837 1113 1900 etiam

65 1920 108 2070 del
124 1921 348 2006 persecutione
362 1923 551 2007 gravissima
565 1923 730 1986 admonet.
754 1924 971 1986 limitamus
989 1944 1008 1984 a
1025 1922 1114 1986 Fello

65 2007 194 2071 alatus.

111 2091 197 2155 Ibid.
227 2091 250 2166 l.
270 2078 320 2156 ⁴22.
354 2093 499 2178 infirmis]
528 2095 680 2156 Erasmus
704 2091 840 2168 addidit,
867 2092 894 2154 si
922 2091 977 2176 qui
1002 2104 1112 2158 assent.

65 2177 169 2264 Quod
190 2176 223 2241 in
245 2179 336 2243 nullo
358 2201 471 2243 eorum
493 2195 634 2242 veterum
657 2178 887 2262 exemplarium
905 2178 1022 2263 quibus
1040 2194 1114 2242 utor

65 2263 184 2348 reperi3
198 2284 303 2350 noque
318 2263 350 2327 in
367 2264 437 2328 aliis
452 2263 658 2328 editionibus.
685 2265 896 2328 Banuzros

111 2347 197 2412 Ibid.
215 2348 239 2412 l.
254 2364 304 2426 29.
331 2351 532 2436 protectione
555 2350 719 2434 sanguinis
746 2363 778 2412 et
804 2348 947 2431 corporis
972 2349 1109 2435 Christi]

64 2432 104 2498 In
128 2446 162 2497 se
187 2430 336 2498 uentibus
360 2434 459 2512 dicet,
482 2435 685 2498 Eucharistio
707 2446 830 2518 recepto
842 2434 959 2520 fideles
980 2435 1059 2523 erigi
1080 2448 1112 2501 et

64 2539 101 2582 ac
180 2518 202 2582 i.
244 2519 322 2584 Jure
346 2520 378 2583 id
407 2520 548 2606 quidem.
598 2522 685 2585 Nam
711 2543 729 2583 a
754 2521 899 2583 convivio
923 2521 1110 2601 Dominico‚

61 2624 226 2668 memores
244 2605 411 2670 Dominici
430 2606 607 2691 sanguinis,
624 2619 754 2691 sumpto
770 2620 981 2682 sacramente,
998 2628 1113 2692 quem·

62 2687 243 2753 admodum
268 2711 419 2776 suprema
445 2692 500 2761 illa
530 2707 624 2755 nocte
650 2705 848 2776 praeceperat
873 2691 1048 2770 Dominus,
1074 2705 1112 2758 ut

62 2773 226 2861 conjurati
244 2775 419 2860 prodibant
439 2777 572 2854 alacres,
596 2791 800 2863 mortemque
825 2777 950 2840 fortiter
974 2791 1111 2863 oppete-

61 2857 143 2924 bant
158 2881 257 2946 quam
278 2860 441 2926 Dominus
456 2882 516 2948 pro
531 2863 674 2948 ipsorum
690 2864 793 2927 salute
808 2863 942 2926 obierat.
967 2863 1110 2928 Rronu-

64 2963 156 3008 rtos
174 2966 193 3008 a
209 2944 299 3025 Fello
313 2946 439 3012 allatus.

105 3031 140 3093 P.
154 3041 206 3105 71.
221 3030 244 3094 l.
259 3045 287 3094 1.
310 3031 338 3095 si
359 3033 406 3096 eis
428 3032 628 3115 militaturis]
644 3033 759 3098 Codex
779 3031 995 3112 Corbeieosis‚
1018 3034 1045 3098 si
1066 3035 1111 3100 eis

62 3113 118 3202 qni
131 3113 353 3180 militaverint.
375 3118 587 3183 Eunomus.

76 3232 80 3239 ·
104 3198 192 3264 Ibid.
207 3201 229 3265 l.
244 3215 289 3265 10.
312 3224 350 3266 ac
365 3202 526 3285 dolenter]
540 3206 573 3267 H
576 3225 621 3267 aec
637 3202 754 3266 desunt
768 3203 799 3266 in
814 3215 954 3288 quatuor
969 3202 1111 3290 antiquis

58 3285 311 3385 exemplaribus.
356 3290 394 3351 In
410 3311 484 3352 meo
499 3289 618 3374 legitur
632 3287 778 3352 dolentes
823 3288 877 3352 Sic
892 3288 991 3352 etiam
1005 3289 1110 3356 codex

58 3383 165 3436 sancti
181 3371 354 3458 Amulphi.
376 3373 588 3438 Bauuzws.

103 3455 231 3521 Ibidl.
250 3464 297 3522 16.
320 3470 353 3522 et
375 3475 525 3544 optamus
548 3471 581 3522 et
602 3457 774 3544 credimus]
795 3459 877 3522 Haec
896 3458 1027 3544 quidem
1050 3458 1110 3524 ha-

57 3540 179 3606 bentur
198 3541 231 3607 in
253 3556 376 3629 septem
398 3544 564 3608 codicibus
585 3544 735 3628 antiquis.
780 3543 843 3607 Sed
860 3545 976 3608 desunt
989 3543 1022 3608 i'n
1037 3546 1109 3612 aliis

56 3638 149 3691 octo.
194 3628 349 3692 Erasmus
363 3630 486 3716 primus
499 3629 618 3713 posuit.
663 3631 752 3692 Nam
765 3628 986 3694 desiderantur
1001 3632 1033 3695 in
1048 3654 1106 3696 an·

56 3711 159 3798 tiquis
182 3711 389 3797 editionibus
414 3717 626 3778 Batuztus
674 3704 1000 3799 PrimusMorellins,
1022 3732 1106 3782 teste

58 3796 217 3877 Pamelio‚
231 3799 327 3862 verba
339 3799 411 3864 haec
425 3792 561 3864 addidit.
600 3801 718 3886 Neque
732 3801 817 3863 enim
833 3802 987 3865 Erasmus
1001 3825 1106 3890 neque

56 3882 158 3946 aiam
184 3883 356 3948 Manutius
384 3908 422 3950 ea
451 3887 673 3950 exhibuerant.
723 3885 833 3948 Editio
861 3887 1002 3950 Romana
1031 3890 1107 3954 anni

59 3978 152 4046 1471,
167 3969 261 4054 cujus
275 3972 439 4058 exemplar
454 3994 552 4059 penes
568 3993 621 4036 me
635 3984 695 4052 est,
707 3969 816 4049 habet,
829 3970 998 4050 nec'male,
1014 3973 1106 4038 andi·

55 4051 161 4116 vimus
176 4075 236 4138 pro
251 4054 405 4120 andimus.

100 4136 188 4202 Ibid.
203 4138 225 4202 l.
241 4154 291 4205 20.
315 4140 468 4206 sacrificia
488 4141 565 4227 Dei]
589 4140 775 4228 sacrificinm
797 4140 863 4204 Deo
885 4141 961 4229 MS.
984 4148 1104 4208 noster.

56 4221 267 4290 Hanbutu.
289 4226 443 4294 sacrificia
464 4226 555 4309 Dei;
582 4227 628 4293 ita
653 4241 740 4293 certe
766 4226 866 4292 habet
887 4224 991 4292 codex
1019 4225 1105 4294 Cor·

104 4327 198 4376 Vola·
214 4329 279 4379 111·
580 4333 593 4377 Ῑ
925 4348 927 4352 “
