<?xml version="1.0" encoding="UTF-8"?>
<!DOCTYPE html PUBLIC "-//W3C//DTD XHTML 1.0 Transitional//EN"
    "http://www.w3.org/TR/xhtml1/DTD/xhtml1-transitional.dtd">
<html xmlns="http://www.w3.org/1999/xhtml" xml:lang="en" lang="en">
 <head>
  <title>
</title>
<meta http-equiv="Content-Type" content="text/html;charset=utf-8" />
  <meta name='ocr-system' content='tesseract 3.04.00' />
  <meta name='ocr-capabilities' content='ocr_page ocr_carea ocr_par ocr_line ocrx_word'/>
</head>
<body>
  <div class='ocr_page' id='page_1' title='image "./reliquiaesacrae11routgoog_0277.png"; bbox 0 0 2678 4756; ppageno 0'>
   <div class='ocr_carea' id='block_1_1' title="bbox 244 262 1044 360">
    <p class='ocr_par' dir='ltr' id='par_1_1' title="bbox 244 262 1044 360">
     <span class='ocr_line' id='line_1_1' title="bbox 244 262 1044 360; baseline 0 -2"><span class='ocrx_word' id='word_1_1' title='bbox 244 276 307 359; x_wconf 77' lang='lat'><strong>260</strong></span> <span class='ocrx_word' id='word_1_2' title='bbox 487 286 814 358; x_wconf 75' lang='lat' dir='ltr'><strong>amuranus</strong></span> <span class='ocrx_word' id='word_1_3' title='bbox 837 262 1044 360; x_wconf 69' lang='lat' dir='ltr'><strong>maaria.</strong></span> 
     </span>
    </p>
   </div>
   <div class='ocr_carea' id='block_1_2' title="bbox 191 460 1327 2025">
    <p class='ocr_par' dir='ltr' id='par_1_2' title="bbox 242 460 1295 627">
     <span class='ocr_line' id='line_1_2' title="bbox 247 460 1295 546; baseline 0.006 -26"><span class='ocrx_word' id='word_1_4' title='bbox 247 460 423 539; x_wconf 79' lang='lat' dir='ltr'><strong>catalogum</strong></span> <span class='ocrx_word' id='word_1_5' title='bbox 441 461 529 522; x_wconf 87' lang='lat' dir='ltr'>MSS.</span> <span class='ocrx_word' id='word_1_6' title='bbox 551 465 757 524; x_wconf 87' lang='lat' dir='ltr'><strong>concinnatum</strong></span> <span class='ocrx_word' id='word_1_7' title='bbox 778 486 796 524; x_wconf 91' lang='lat' dir='ltr'><strong>a</strong></span> <span class='ocrx_word' id='word_1_8' title='bbox 816 464 924 525; x_wconf 88' lang='lat' dir='ltr'><strong>clariss.</strong></span> <span class='ocrx_word' id='word_1_9' title='bbox 944 464 1162 525; x_wconf 84' lang='lat' dir='ltr'><strong>Moutfancouo</strong></span> <span class='ocrx_word' id='word_1_10' title='bbox 1179 485 1212 546; x_wconf 90' lang='lat' dir='ltr'><strong>p.</strong></span> <span class='ocrx_word' id='word_1_11' title='bbox 1223 463 1295 527; x_wconf 84' lang='grc'><strong>261.</strong></span> 
     </span>
     <span class='ocr_line' id='line_1_3' title="bbox 242 563 426 627; baseline 0 -1"><span class='ocrx_word' id='word_1_12' title='bbox 242 563 426 627; x_wconf 78' lang='lat' dir='ltr'><strong>Panaretus.</strong></span> 
     </span>
    </p>

    <p class='ocr_par' dir='ltr' id='par_1_3' title="bbox 191 670 1327 2025">
     <span class='ocr_line' id='line_1_4' title="bbox 284 670 1295 757; baseline 0.004 -24"><span class='ocrx_word' id='word_1_13' title='bbox 284 670 299 711; x_wconf 77' lang='lat'><strong>‘¹</strong></span> <span class='ocrx_word' id='word_1_14' title='bbox 324 673 367 733; x_wconf 89' lang='lat' dir='ltr'><strong>Hi</strong></span> <span class='ocrx_word' id='word_1_15' title='bbox 391 676 465 734; x_wconf 86' lang='lat' dir='ltr'><strong>tomi</strong></span> <span class='ocrx_word' id='word_1_16' title='bbox 485 695 551 735; x_wconf 78' lang='lat' dir='ltr'><strong>xxv.</strong></span> <span class='ocrx_word' id='word_1_17' title='bbox 576 677 606 733; x_wconf 88' lang='lat' dir='ltr'><strong>in</strong></span> <span class='ocrx_word' id='word_1_18' title='bbox 634 677 680 735; x_wconf 88' lang='grc'><strong>12.</strong></span> <span class='ocrx_word' id='word_1_19' title='bbox 700 676 862 757; x_wconf 72' lang='lat' dir='ltr'>Prophetas</span> <span class='ocrx_word' id='word_1_20' title='bbox 886 694 959 754; x_wconf 87' lang='lat' dir='ltr'><strong>quos</strong></span> <span class='ocrx_word' id='word_1_21' title='bbox 981 677 1122 757; x_wconf 83' lang='lat' dir='ltr'><strong>reperisse</strong></span> <span class='ocrx_word' id='word_1_22' title='bbox 1145 696 1179 737; x_wconf 92' lang='lat' dir='ltr'><strong>se</strong></span> <span class='ocrx_word' id='word_1_23' title='bbox 1205 679 1295 737; x_wconf 87' lang='lat' dir='ltr'><strong>etiam</strong></span> 
     </span>
     <span class='ocr_line' id='line_1_5' title="bbox 244 774 1295 866; baseline 0.002 -24"><span class='ocrx_word' id='word_1_24' title='bbox 244 793 368 866; x_wconf 74' lang='lat' dir='ltr'><strong>testatur</strong></span> <span class='ocrx_word' id='word_1_25' title='bbox 380 784 523 844; x_wconf 81' lang='lat' dir='ltr'><strong>Eusebius</strong></span> <span class='ocrx_word' id='word_1_26' title='bbox 537 788 575 845; x_wconf 87' lang='lat' dir='ltr'><strong>vi.</strong></span> <span class='ocrx_word' id='word_1_27' title='bbox 589 786 640 846; x_wconf 84' lang='grc'><strong>36.</strong></span> <span class='ocrx_word' id='word_1_28' title='bbox 658 785 738 844; x_wconf 86' lang='lat' dir='ltr'><strong>Hist.</strong></span> <span class='ocrx_word' id='word_1_29' title='bbox 758 787 844 845; x_wconf 90' lang='lat' dir='ltr'><strong>hodie</strong></span> <span class='ocrx_word' id='word_1_30' title='bbox 866 788 942 844; x_wconf 87' lang='lat' dir='ltr'><strong>inter</strong></span> <span class='ocrx_word' id='word_1_31' title='bbox 962 774 1098 865; x_wconf 81' lang='lat' dir='ltr'><strong>Origenis</strong></span> <span class='ocrx_word' id='word_1_32' title='bbox 1117 806 1211 866; x_wconf 90' lang='lat' dir='ltr'><strong>opera</strong></span> <span class='ocrx_word' id='word_1_33' title='bbox 1233 806 1295 844; x_wconf 86' lang='lat' dir='ltr'><strong>non</strong></span> 
     </span>
     <span class='ocr_line' id='line_1_6' title="bbox 243 868 1049 952; baseline 0.002 -4"><span class='ocrx_word' id='word_1_34' title='bbox 243 888 397 948; x_wconf 82' lang='lat' dir='ltr'><strong>habentur.</strong></span> <span class='ocrx_word' id='word_1_35' title='bbox 418 892 602 952; x_wconf 69' lang='lat' dir='ltr'><strong>Flamcms.</strong></span> <span class='ocrx_word' id='word_1_36' title='bbox 1017 868 1025 882; x_wconf 46' lang='lat'><strong><em>¹</em></strong></span> <span class='ocrx_word' id='word_1_37' title='bbox 1046 875 1049 881; x_wconf 29' lang='lat'>³</span> 
     </span>
     <span class='ocr_line' id='line_1_7' title="bbox 212 994 1327 1081; baseline 0.003 -29"><span class='ocrx_word' id='word_1_38' title='bbox 212 1024 216 1032; x_wconf 94' lang='lat'>·</span> <span class='ocrx_word' id='word_1_39' title='bbox 284 994 423 1053; x_wconf 81' lang='lat' dir='ltr'><strong>ePostea</strong></span> <span class='ocrx_word' id='word_1_40' title='bbox 441 996 561 1072; x_wconf 85' lang='lat' dir='ltr'><strong>Origeni</strong></span> <span class='ocrx_word' id='word_1_41' title='bbox 581 996 720 1055; x_wconf 86' lang='lat' dir='ltr'><strong>infensior</strong></span> <span class='ocrx_word' id='word_1_42' title='bbox 741 997 799 1054; x_wconf 90' lang='lat' dir='ltr'><strong>hoc</strong></span> <span class='ocrx_word' id='word_1_43' title='bbox 819 997 987 1055; x_wconf 78' lang='lat' dir='ltr'><strong>retractavit</strong></span> <span class='ocrx_word' id='word_1_44' title='bbox 1006 996 1219 1074; x_wconf 87' lang='lat' dir='ltr'><strong>Hieronymus,</strong></span> <span class='ocrx_word' id='word_1_45' title='bbox 1233 1007 1294 1055; x_wconf 87' lang='lat' dir='ltr'><strong>eta</strong></span> <span class='ocrx_word' id='word_1_46' title='bbox 1323 1076 1327 1081; x_wconf 17' lang='grc' dir='ltr'><strong><em>ι</em></strong></span> 
     </span>
     <span class='ocr_line' id='line_1_8' title="bbox 243 1099 1293 1183; baseline 0.003 -27"><span class='ocrx_word' id='word_1_47' title='bbox 243 1099 353 1167; x_wconf 78' lang='lat' dir='ltr'><strong>Rufino</strong></span> <span class='ocrx_word' id='word_1_48' title='bbox 374 1101 525 1183; x_wconf 89' lang='lat' dir='ltr'><strong>deceptum</strong></span> <span class='ocrx_word' id='word_1_49' title='bbox 546 1121 577 1159; x_wconf 90' lang='lat' dir='ltr'><strong>se</strong></span> <span class='ocrx_word' id='word_1_50' title='bbox 597 1116 783 1179; x_wconf 85' lang='lat' dir='ltr'><strong>conquestus,</strong></span> <span class='ocrx_word' id='word_1_51' title='bbox 802 1102 988 1181; x_wconf 85' lang='lat' dir='ltr'><strong>Apologetici</strong></span> <span class='ocrx_word' id='word_1_52' title='bbox 1006 1100 1145 1179; x_wconf 84' lang='lat' dir='ltr'><strong>Origenis</strong></span> <span class='ocrx_word' id='word_1_53' title='bbox 1167 1103 1293 1181; x_wconf 84' lang='lat' dir='ltr'><strong>scripto-</strong></span> 
     </span>
     <span class='ocr_line' id='line_1_9' title="bbox 242 1204 1291 1286; baseline -0.001 -20"><span class='ocrx_word' id='word_1_54' title='bbox 242 1224 303 1266; x_wconf 80' lang='lat' dir='ltr'><strong>rem</strong></span> <span class='ocrx_word' id='word_1_55' title='bbox 324 1204 507 1283; x_wconf 90' lang='lat' dir='ltr'><strong>Pamphilum</strong></span> <span class='ocrx_word' id='word_1_56' title='bbox 529 1225 591 1264; x_wconf 90' lang='lat' dir='ltr'><strong>esse</strong></span> <span class='ocrx_word' id='word_1_57' title='bbox 611 1208 791 1286; x_wconf 80' lang='lat' dir='ltr'><strong>pernegarit.</strong></span> <span class='ocrx_word' id='word_1_58' title='bbox 831 1208 928 1286; x_wconf 80' lang='lat' dir='ltr'><strong>Epist.</strong></span> <span class='ocrx_word' id='word_1_59' title='bbox 948 1207 995 1266; x_wconf 83' lang='lat'><strong>65.</strong></span> <span class='ocrx_word' id='word_1_60' title='bbox 1019 1216 1048 1265; x_wconf 91' lang='lat' dir='ltr'><strong>et</strong></span> <span class='ocrx_word' id='word_1_61' title='bbox 1069 1216 1197 1284; x_wconf 88' lang='lat' dir='ltr'><strong>utroque</strong></span> <span class='ocrx_word' id='word_1_62' title='bbox 1216 1207 1291 1266; x_wconf 93' lang='lat' dir='ltr'><strong>libro</strong></span> 
     </span>
     <span class='ocr_line' id='line_1_10' title="bbox 240 1309 1290 1391; baseline 0.005 -25"><span class='ocrx_word' id='word_1_63' title='bbox 240 1320 344 1367; x_wconf 89' lang='lat' dir='ltr'><strong>contra</strong></span> <span class='ocrx_word' id='word_1_64' title='bbox 358 1309 456 1369; x_wconf 86' lang='lat' dir='ltr'><strong>Rufio.</strong></span> <span class='ocrx_word' id='word_1_65' title='bbox 492 1311 547 1369; x_wconf 88' lang='lat' dir='ltr'><strong>Sed</strong></span> <span class='ocrx_word' id='word_1_66' title='bbox 566 1311 596 1367; x_wconf 90' lang='lat' dir='ltr'><strong>in</strong></span> <span class='ocrx_word' id='word_1_67' title='bbox 617 1311 761 1390; x_wconf 82' lang='lat' dir='ltr'><strong>prioribus</strong></span> <span class='ocrx_word' id='word_1_68' title='bbox 780 1313 907 1390; x_wconf 89' lang='lat' dir='ltr'><strong>quinque</strong></span> <span class='ocrx_word' id='word_1_69' title='bbox 920 1311 1074 1391; x_wconf 77' lang='lat' dir='ltr'><strong>Apologia</strong></span> <span class='ocrx_word' id='word_1_70' title='bbox 1090 1331 1145 1390; x_wconf 92' lang='lat' dir='ltr'><strong>pro</strong></span> <span class='ocrx_word' id='word_1_71' title='bbox 1161 1312 1290 1390; x_wconf 84' lang='lat' dir='ltr'><strong>Origene</strong></span> 
     </span>
     <span class='ocr_line' id='line_1_11' title="bbox 242 1414 1289 1497; baseline 0.004 -24"><span class='ocrx_word' id='word_1_72' title='bbox 242 1414 324 1474; x_wconf 90' lang='lat' dir='ltr'><strong>libris</strong></span> <span class='ocrx_word' id='word_1_73' title='bbox 339 1417 438 1493; x_wconf 89' lang='lat' dir='ltr'><strong>utique</strong></span> <span class='ocrx_word' id='word_1_74' title='bbox 450 1436 511 1474; x_wconf 88' lang='lat' dir='ltr'><strong>non</strong></span> <span class='ocrx_word' id='word_1_75' title='bbox 528 1415 622 1475; x_wconf 88' lang='lat' dir='ltr'><strong>solum</strong></span> <span class='ocrx_word' id='word_1_76' title='bbox 642 1416 801 1476; x_wconf 78' lang='lat' dir='ltr'><strong>Eusebium</strong></span> <span class='ocrx_word' id='word_1_77' title='bbox 823 1417 873 1476; x_wconf 87' lang='lat' dir='ltr'><strong>sed</strong></span> <span class='ocrx_word' id='word_1_78' title='bbox 894 1437 953 1475; x_wconf 91' lang='lat' dir='ltr'><strong>una</strong></span> <span class='ocrx_word' id='word_1_79' title='bbox 972 1437 1038 1475; x_wconf 90' lang='lat' dir='ltr'><strong>cum</strong></span> <span class='ocrx_word' id='word_1_80' title='bbox 1059 1417 1229 1497; x_wconf 87' lang='lat' dir='ltr'><strong>Pamphilo,</strong></span> <span class='ocrx_word' id='word_1_81' title='bbox 1245 1420 1289 1494; x_wconf 81' lang='lat' dir='ltr'><strong>(ut</strong></span> 
     </span>
     <span class='ocr_line' id='line_1_12' title="bbox 191 1519 1286 1601; baseline 0.003 -25"><span class='ocrx_word' id='word_1_82' title='bbox 191 1538 194 1543; x_wconf 78' lang='grc'><strong>’</strong></span> <span class='ocrx_word' id='word_1_83' title='bbox 242 1519 376 1577; x_wconf 77' lang='lat' dir='ltr'><strong>Socrates</strong></span> <span class='ocrx_word' id='word_1_84' title='bbox 391 1521 432 1576; x_wconf 92' lang='lat' dir='ltr'><strong>iii.</strong></span> <span class='ocrx_word' id='word_1_85' title='bbox 445 1520 472 1583; x_wconf 91' lang='lat'><strong>7.</strong></span> <span class='ocrx_word' id='word_1_86' title='bbox 488 1521 590 1595; x_wconf 85' lang='lat' dir='ltr'><strong>tradit)</strong></span> <span class='ocrx_word' id='word_1_87' title='bbox 612 1520 785 1591; x_wconf 79' lang='lat' dir='ltr'><strong>elaborasse,</strong></span> <span class='ocrx_word' id='word_1_88' title='bbox 807 1534 921 1579; x_wconf 87' lang='lat' dir='ltr'><strong>sextum</strong></span> <span class='ocrx_word' id='word_1_89' title='bbox 941 1530 1036 1579; x_wconf 91' lang='lat' dir='ltr'><strong>autem</strong></span> <span class='ocrx_word' id='word_1_90' title='bbox 1056 1533 1125 1601; x_wconf 91' lang='lat' dir='ltr'><strong>post</strong></span> <span class='ocrx_word' id='word_1_91' title='bbox 1144 1520 1286 1601; x_wconf 85' lang='lat' dir='ltr'><strong>Pamphili</strong></span> 
     </span>
     <span class='ocr_line' id='line_1_13' title="bbox 242 1608 1284 1705; baseline 0.003 -24"><span class='ocrx_word' id='word_1_92' title='bbox 242 1608 358 1703; x_wconf 80' lang='lat' dir='ltr'><strong>ilemum</strong></span> <span class='ocrx_word' id='word_1_93' title='bbox 385 1626 552 1702; x_wconf 85' lang='lat' dir='ltr'><strong>martyrium</strong></span> <span class='ocrx_word' id='word_1_94' title='bbox 581 1623 775 1705; x_wconf 75' lang='lat' dir='ltr'><strong>subjunxisse,</strong></span> <span class='ocrx_word' id='word_1_95' title='bbox 803 1627 912 1685; x_wconf 89' lang='lat' dir='ltr'><strong>Photlo</strong></span> <span class='ocrx_word' id='word_1_96' title='bbox 937 1627 1011 1686; x_wconf 87' lang='lat' dir='ltr'><strong>Cod.</strong></span> <span class='ocrx_word' id='word_1_97' title='bbox 1038 1628 1105 1686; x_wconf 82' lang='lat'><strong>118.</strong></span> <span class='ocrx_word' id='word_1_98' title='bbox 1137 1629 1284 1686; x_wconf 86' lang='lat' dir='ltr'><strong>assentior.</strong></span> 
     </span>
     <span class='ocr_line' id='line_1_14' title="bbox 242 1725 1284 1815; baseline 0.007 -30"><span class='ocrx_word' id='word_1_99' title='bbox 242 1725 348 1815; x_wconf 76' lang='lat' dir='ltr'><strong>Exstat</strong></span> <span class='ocrx_word' id='word_1_100' title='bbox 361 1728 437 1786; x_wconf 89' lang='lat' dir='ltr'><strong>illius</strong></span> <span class='ocrx_word' id='word_1_101' title='bbox 451 1730 634 1808; x_wconf 85' lang='lat' dir='ltr'><strong>Apologetici</strong></span> <span class='ocrx_word' id='word_1_102' title='bbox 649 1730 722 1789; x_wconf 92' lang='lat' dir='ltr'><strong>liber</strong></span> <span class='ocrx_word' id='word_1_103' title='bbox 738 1742 852 1790; x_wconf 88' lang='lat' dir='ltr'><strong>tantum</strong></span> <span class='ocrx_word' id='word_1_104' title='bbox 868 1733 976 1812; x_wconf 90' lang='lat' dir='ltr'><strong>primus</strong></span> <span class='ocrx_word' id='word_1_105' title='bbox 991 1753 1027 1791; x_wconf 88' lang='lat' dir='ltr'><strong>ex</strong></span> <span class='ocrx_word' id='word_1_106' title='bbox 1040 1732 1143 1791; x_wconf 84' lang='lat' dir='ltr'><strong>Rufini</strong></span> <span class='ocrx_word' id='word_1_107' title='bbox 1158 1734 1284 1791; x_wconf 79' lang='lat' dir='ltr'><strong>versione</strong></span> 
     </span>
     <span class='ocr_line' id='line_1_15' title="bbox 241 1835 1284 1918; baseline 0.009 -28"><span class='ocrx_word' id='word_1_108' title='bbox 241 1835 345 1912; x_wconf 74' lang='lat' dir='ltr'><strong>sapius</strong></span> <span class='ocrx_word' id='word_1_109' title='bbox 358 1835 451 1892; x_wconf 79' lang='lat' dir='ltr'><strong>editus</strong></span> <span class='ocrx_word' id='word_1_110' title='bbox 470 1844 500 1892; x_wconf 92' lang='lat' dir='ltr'><strong>et</strong></span> <span class='ocrx_word' id='word_1_111' title='bbox 518 1836 593 1893; x_wconf 85' lang='lat' dir='ltr'><strong>inter</strong></span> <span class='ocrx_word' id='word_1_112' title='bbox 606 1835 742 1913; x_wconf 84' lang='lat' dir='ltr'><strong>Origenis</strong></span> <span class='ocrx_word' id='word_1_113' title='bbox 764 1847 795 1896; x_wconf 83' lang='lat' dir='ltr'><strong>et</strong></span> <span class='ocrx_word' id='word_1_114' title='bbox 813 1839 889 1896; x_wconf 89' lang='lat' dir='ltr'><strong>inter</strong></span> <span class='ocrx_word' id='word_1_115' title='bbox 907 1839 1081 1916; x_wconf 88' lang='lat' dir='ltr'><strong>Hieronymi</strong></span> <span class='ocrx_word' id='word_1_116' title='bbox 1099 1858 1201 1918; x_wconf 75' lang='lat' dir='ltr'><strong>opera.</strong></span> <span class='ocrx_word' id='word_1_117' title='bbox 1240 1838 1284 1899; x_wconf 80' lang='lat' dir='ltr'><strong>Ex</strong></span> 
     </span>
     <span class='ocr_line' id='line_1_16' title="bbox 241 1943 1284 2025; baseline 0.001 -23"><span class='ocrx_word' id='word_1_118' title='bbox 241 1946 352 2002; x_wconf 80' lang='lat' dir='ltr'><strong>caeteris</strong></span> <span class='ocrx_word' id='word_1_119' title='bbox 367 1965 459 2023; x_wconf 86' lang='lat' dir='ltr'><strong>pauca</strong></span> <span class='ocrx_word' id='word_1_120' title='bbox 472 1946 550 2024; x_wconf 86' lang='lat' dir='ltr'><strong>apud</strong></span> <span class='ocrx_word' id='word_1_121' title='bbox 562 1946 700 2011; x_wconf 85' lang='lat' dir='ltr'><strong>Photium</strong></span> <span class='ocrx_word' id='word_1_122' title='bbox 714 1946 887 2023; x_wconf 80' lang='lat' dir='ltr'><strong>fragmenta.</strong></span> <span class='ocrx_word' id='word_1_123' title='bbox 919 1944 993 2002; x_wconf 83' lang='lat' dir='ltr'><strong>Vide</strong></span> <span class='ocrx_word' id='word_1_124' title='bbox 1006 1964 1070 2022; x_wconf 85' lang='lat' dir='ltr'><strong>quae</strong></span> <span class='ocrx_word' id='word_1_125' title='bbox 1084 1944 1121 2003; x_wconf 88' lang='lat' dir='ltr'><strong>de</strong></span> <span class='ocrx_word' id='word_1_126' title='bbox 1134 1943 1284 2025; x_wconf 81' lang='lat' dir='ltr'><strong>Pamphila</strong></span> 
     </span>
    </p>
   </div>
   <div class='ocr_carea' id='block_1_3' title="bbox 153 2048 1282 2131">
    <p class='ocr_par' dir='ltr' id='par_1_4' title="bbox 153 2048 1282 2131">
     <span class='ocr_line' id='line_1_17' title="bbox 153 2048 1282 2131; baseline -0.002 -22"><span class='ocrx_word' id='word_1_127' title='bbox 153 2054 156 2059; x_wconf 87' lang='grc'><strong>’</strong></span> <span class='ocrx_word' id='word_1_128' title='bbox 239 2048 443 2123; x_wconf 75' lang='lat' dir='ltr'><strong>&#39;lillemontius</strong></span> <span class='ocrx_word' id='word_1_129' title='bbox 462 2061 535 2110; x_wconf 90' lang='lat' dir='ltr'><strong>tom.</strong></span> <span class='ocrx_word' id='word_1_130' title='bbox 549 2071 577 2110; x_wconf 88' lang='lat' dir='ltr'><strong>v.</strong></span> <span class='ocrx_word' id='word_1_131' title='bbox 596 2070 624 2130; x_wconf 90' lang='lat' dir='ltr'><strong>p.</strong></span> <span class='ocrx_word' id='word_1_132' title='bbox 639 2052 708 2110; x_wconf 86' lang='grc'><strong>421.</strong></span> <span class='ocrx_word' id='word_1_133' title='bbox 723 2051 792 2114; x_wconf 92' lang='grc'><strong>750.</strong></span> <span class='ocrx_word' id='word_1_134' title='bbox 807 2071 867 2129; x_wconf 86' lang='lat' dir='ltr'><strong>seq.</strong></span> <span class='ocrx_word' id='word_1_135' title='bbox 885 2060 958 2109; x_wconf 87' lang='lat' dir='ltr'><strong>tom.</strong></span> <span class='ocrx_word' id='word_1_136' title='bbox 972 2049 1024 2108; x_wconf 80' lang='lat' dir='ltr'><strong>xii.</strong></span> <span class='ocrx_word' id='word_1_137' title='bbox 1041 2069 1071 2129; x_wconf 92' lang='lat' dir='ltr'><strong>p.</strong></span> <span class='ocrx_word' id='word_1_138' title='bbox 1084 2049 1159 2109; x_wconf 88' lang='grc'><strong>205.</strong></span> <span class='ocrx_word' id='word_1_139' title='bbox 1177 2069 1237 2131; x_wconf 84' lang='lat' dir='ltr'><strong>seq.</strong></span> <span class='ocrx_word' id='word_1_140' title='bbox 1256 2059 1282 2107; x_wconf 82' lang='lat' dir='ltr'><strong>e·</strong></span> 
     </span>
    </p>
   </div>
   <div class='ocr_carea' id='block_1_4' title="bbox 239 2153 1320 2447">
    <p class='ocr_par' dir='ltr' id='par_1_5' title="bbox 239 2153 1320 2447">
     <span class='ocr_line' id='line_1_18' title="bbox 239 2153 1320 2235; baseline -0.006 -21"><span class='ocrx_word' id='word_1_141' title='bbox 239 2165 311 2216; x_wconf 88' lang='lat' dir='ltr'><strong>tom.</strong></span> <span class='ocrx_word' id='word_1_142' title='bbox 323 2156 372 2212; x_wconf 87' lang='lat' dir='ltr'><strong>rii.</strong></span> <span class='ocrx_word' id='word_1_143' title='bbox 385 2175 414 2235; x_wconf 87' lang='lat' dir='ltr'><strong>p.</strong></span> <span class='ocrx_word' id='word_1_144' title='bbox 425 2157 474 2216; x_wconf 82' lang='lat'><strong>40.</strong></span> <span class='ocrx_word' id='word_1_145' title='bbox 495 2157 678 2221; x_wconf 74' lang='lat' dir='ltr'><strong>Panaretus.</strong></span> <span class='ocrx_word' id='word_1_146' title='bbox 712 2157 840 2215; x_wconf 88' lang='lat' dir='ltr'><strong>Primum</strong></span> <span class='ocrx_word' id='word_1_147' title='bbox 854 2154 960 2213; x_wconf 87' lang='lat' dir='ltr'><strong>librum</strong></span> <span class='ocrx_word' id='word_1_148' title='bbox 973 2153 1129 2234; x_wconf 78' lang='lat' dir='ltr'><strong>Apologia</strong></span> <span class='ocrx_word' id='word_1_149' title='bbox 1143 2156 1175 2213; x_wconf 89' lang='lat' dir='ltr'><strong>in</strong></span> <span class='ocrx_word' id='word_1_150' title='bbox 1189 2174 1241 2213; x_wconf 82' lang='lat' dir='ltr'><strong>sex</strong></span> <span class='ocrx_word' id='word_1_151' title='bbox 1251 2153 1282 2213; x_wconf 90' lang='lat' dir='ltr'><strong>li·</strong></span> <span class='ocrx_word' id='word_1_152' title='bbox 1309 2203 1320 2231; x_wconf 35' lang='grc' dir='ltr'><strong>Ι.</strong></span> 
     </span>
     <span class='ocr_line' id='line_1_19' title="bbox 239 2258 1283 2342; baseline -0.002 -22"><span class='ocrx_word' id='word_1_153' title='bbox 239 2258 309 2320; x_wconf 90' lang='lat' dir='ltr'><strong>hros</strong></span> <span class='ocrx_word' id='word_1_154' title='bbox 319 2273 425 2338; x_wconf 79' lang='lat' dir='ltr'><strong>,postea</strong></span> <span class='ocrx_word' id='word_1_155' title='bbox 437 2262 579 2321; x_wconf 78' lang='lat' dir='ltr'><strong>distinctae</strong></span> <span class='ocrx_word' id='word_1_156' title='bbox 594 2261 683 2320; x_wconf 86' lang='lat' dir='ltr'><strong>solius</strong></span> <span class='ocrx_word' id='word_1_157' title='bbox 698 2262 842 2342; x_wconf 78' lang='lat' dir='ltr'><strong>Pamphili</strong></span> <span class='ocrx_word' id='word_1_158' title='bbox 855 2281 930 2330; x_wconf 88' lang='lat' dir='ltr'><strong>esse,</strong></span> <span class='ocrx_word' id='word_1_159' title='bbox 946 2271 1065 2320; x_wconf 71' lang='lat' dir='ltr'><strong>ceteros</strong></span> <span class='ocrx_word' id='word_1_160' title='bbox 1082 2260 1232 2340; x_wconf 85' lang='lat' dir='ltr'><strong>Pamphili</strong></span> <span class='ocrx_word' id='word_1_161' title='bbox 1248 2260 1283 2318; x_wconf 91' lang='lat' dir='ltr'><strong>si·</strong></span> 
     </span>
     <span class='ocr_line' id='line_1_20' title="bbox 240 2364 1285 2447; baseline 0 -24"><span class='ocrx_word' id='word_1_162' title='bbox 240 2364 302 2423; x_wconf 88' lang='lat' dir='ltr'><strong>mul</strong></span> <span class='ocrx_word' id='word_1_163' title='bbox 320 2378 349 2424; x_wconf 85' lang='lat' dir='ltr'><strong>et</strong></span> <span class='ocrx_word' id='word_1_164' title='bbox 367 2366 498 2436; x_wconf 88' lang='lat' dir='ltr'><strong>Eusebii,</strong></span> <span class='ocrx_word' id='word_1_165' title='bbox 518 2378 641 2447; x_wconf 85' lang='lat' dir='ltr'><strong>excepto</strong></span> <span class='ocrx_word' id='word_1_166' title='bbox 663 2368 775 2435; x_wconf 85' lang='lat' dir='ltr'><strong>ultimo,</strong></span> <span class='ocrx_word' id='word_1_167' title='bbox 794 2368 844 2445; x_wconf 93' lang='lat' dir='ltr'><strong>qui</strong></span> <span class='ocrx_word' id='word_1_168' title='bbox 864 2375 910 2425; x_wconf 93' lang='lat' dir='ltr'><strong>est</strong></span> <span class='ocrx_word' id='word_1_169' title='bbox 930 2365 1019 2424; x_wconf 89' lang='lat' dir='ltr'><strong>solius</strong></span> <span class='ocrx_word' id='word_1_170' title='bbox 1037 2364 1173 2435; x_wconf 89' lang='lat' dir='ltr'><strong>Eusebii,</strong></span> <span class='ocrx_word' id='word_1_171' title='bbox 1188 2366 1285 2424; x_wconf 81' lang='lat' dir='ltr'><strong>statuit</strong></span> 
     </span>
    </p>
   </div>
   <div class='ocr_carea' id='block_1_5' title="bbox 125 2446 1284 2845">
    <p class='ocr_par' dir='ltr' id='par_1_6' title="bbox 125 2446 1282 2556">
     <span class='ocr_line' id='line_1_21' title="bbox 125 2446 1282 2556; baseline 0.003 -30"><span class='ocrx_word' id='word_1_172' title='bbox 125 2446 131 2499; x_wconf 57' lang='lat' dir='ltr'>s</span> <span class='ocrx_word' id='word_1_173' title='bbox 240 2479 308 2549; x_wconf 84' lang='lat' dir='ltr'><strong>post</strong></span> <span class='ocrx_word' id='word_1_174' title='bbox 331 2469 367 2528; x_wconf 82' lang='lat'><strong>1..</strong></span> <span class='ocrx_word' id='word_1_175' title='bbox 389 2470 576 2530; x_wconf 88' lang='lat' dir='ltr'><strong>Holstenium</strong></span> <span class='ocrx_word' id='word_1_176' title='bbox 602 2472 703 2529; x_wconf 86' lang='lat' dir='ltr'><strong>Justus</strong></span> <span class='ocrx_word' id='word_1_177' title='bbox 728 2470 909 2548; x_wconf 80' lang='lat' dir='ltr'><strong>Fontauinns</strong></span> <span class='ocrx_word' id='word_1_178' title='bbox 929 2473 1011 2556; x_wconf 26' lang='lat' dir='ltr'><strong>Hesi..</strong></span> <span class='ocrx_word' id='word_1_179' title='bbox 1024 2472 1085 2528; x_wconf 80' lang='lat' dir='ltr'><strong>Lit.</strong></span> <span class='ocrx_word' id='word_1_180' title='bbox 1105 2472 1282 2548; x_wconf 61' lang='lat' dir='ltr'><strong>Aquileiae,</strong></span> 
     </span>
    </p>

    <p class='ocr_par' dir='ltr' id='par_1_7' title="bbox 240 2572 1284 2656">
     <span class='ocr_line' id='line_1_22' title="bbox 240 2572 1284 2656; baseline 0.004 -23"><span class='ocrx_word' id='word_1_181' title='bbox 240 2572 292 2633; x_wconf 90' lang='lat' dir='ltr'><strong>lib.</strong></span> <span class='ocrx_word' id='word_1_182' title='bbox 304 2596 330 2633; x_wconf 87' lang='lat' dir='ltr'><strong>v.</strong></span> <span class='ocrx_word' id='word_1_183' title='bbox 345 2594 406 2655; x_wconf 90' lang='lat' dir='ltr'><strong>cap.</strong></span> <span class='ocrx_word' id='word_1_184' title='bbox 417 2577 447 2633; x_wconf 84' lang='grc'><strong>5.</strong></span> <span class='ocrx_word' id='word_1_185' title='bbox 463 2582 488 2650; x_wconf 65' lang='lat' dir='ltr'><strong>t.</strong></span> <span class='ocrx_word' id='word_1_186' title='bbox 504 2579 534 2632; x_wconf 95' lang='lat' dir='ltr'><strong>ll</strong></span> <span class='ocrx_word' id='word_1_187' title='bbox 545 2578 571 2635; x_wconf 89' lang='lat'><strong>1.</strong></span> <span class='ocrx_word' id='word_1_188' title='bbox 606 2576 710 2634; x_wconf 85' lang='lat' dir='ltr'><strong>Scd&#39;de</strong></span> <span class='ocrx_word' id='word_1_189' title='bbox 723 2578 779 2634; x_wconf 92' lang='lat' dir='ltr'><strong>hac</strong></span> <span class='ocrx_word' id='word_1_190' title='bbox 792 2576 939 2654; x_wconf 86' lang='lat' dir='ltr'><strong>Apologia</strong></span> <span class='ocrx_word' id='word_1_191' title='bbox 952 2585 982 2633; x_wconf 94' lang='lat' dir='ltr'><strong>et</strong></span> <span class='ocrx_word' id='word_1_192' title='bbox 995 2576 1140 2636; x_wconf 88' lang='lat' dir='ltr'><strong>Versione</strong></span> <span class='ocrx_word' id='word_1_193' title='bbox 1153 2575 1218 2656; x_wconf 88' lang='lat' dir='ltr'><strong>ejus</strong></span> <span class='ocrx_word' id='word_1_194' title='bbox 1231 2576 1284 2637; x_wconf 68' lang='lat' dir='ltr'><strong>Im·</strong></span> 
     </span>
    </p>

    <p class='ocr_par' dir='ltr' id='par_1_8' title="bbox 240 2660 1284 2845">
     <span class='ocr_line' id='line_1_23' title="bbox 240 2660 1147 2760; baseline 0.002 -24"><span class='ocrx_word' id='word_1_195' title='bbox 240 2681 313 2747; x_wconf 85' lang='lat' dir='ltr'><strong>tina,</strong></span> <span class='ocrx_word' id='word_1_196' title='bbox 327 2701 390 2758; x_wconf 87' lang='lat' dir='ltr'><strong>quae</strong></span> <span class='ocrx_word' id='word_1_197' title='bbox 405 2692 496 2750; x_wconf 83' lang='lat' dir='ltr'><strong>extat,</strong></span> <span class='ocrx_word' id='word_1_198' title='bbox 511 2681 650 2739; x_wconf 90' lang='lat' dir='ltr'><strong>adnotata</strong></span> <span class='ocrx_word' id='word_1_199' title='bbox 663 2681 747 2760; x_wconf 85' lang='lat' dir='ltr'><strong>plura</strong></span> <span class='ocrx_word' id='word_1_200' title='bbox 760 2691 828 2739; x_wconf 87' lang='lat' dir='ltr'><strong>sunt</strong></span> <span class='ocrx_word' id='word_1_201' title='bbox 843 2681 930 2739; x_wconf 81' lang='lat' dir='ltr'><strong>infra.</strong></span> <span class='ocrx_word' id='word_1_202' title='bbox 1144 2660 1147 2665; x_wconf 23' lang='grc' dir='ltr'>Ι</span> 
     </span>
     <span class='ocr_line' id='line_1_24' title="bbox 283 2783 1284 2845; baseline 0 -1"><span class='ocrx_word' id='word_1_203' title='bbox 283 2784 430 2844; x_wconf 70' lang='lat' dir='ltr'><strong>‘Factum</strong></span> <span class='ocrx_word' id='word_1_204' title='bbox 448 2788 505 2844; x_wconf 89' lang='lat' dir='ltr'><strong>hoc</strong></span> <span class='ocrx_word' id='word_1_205' title='bbox 521 2788 558 2845; x_wconf 90' lang='lat' dir='ltr'><strong>A.</strong></span> <span class='ocrx_word' id='word_1_206' title='bbox 572 2786 643 2845; x_wconf 87' lang='grc'><strong>309.</strong></span> <span class='ocrx_word' id='word_1_207' title='bbox 665 2787 710 2844; x_wconf 91' lang='grc'><strong>15.</strong></span> <span class='ocrx_word' id='word_1_208' title='bbox 725 2785 812 2843; x_wconf 89' lang='lat' dir='ltr'><strong>Febr.</strong></span> <span class='ocrx_word' id='word_1_209' title='bbox 832 2794 864 2841; x_wconf 91' lang='lat' dir='ltr'><strong>ut</strong></span> <span class='ocrx_word' id='word_1_210' title='bbox 885 2783 976 2841; x_wconf 87' lang='lat' dir='ltr'><strong>fusius</strong></span> <span class='ocrx_word' id='word_1_211' title='bbox 994 2785 1124 2841; x_wconf 84' lang='lat' dir='ltr'><strong>narrarit</strong></span> <span class='ocrx_word' id='word_1_212' title='bbox 1144 2784 1284 2844; x_wconf 82' lang='lat' dir='ltr'><strong>Eusebius</strong></span> 
     </span>
    </p>
   </div>
   <div class='ocr_carea' id='block_1_6' title="bbox 184 2891 1323 3803">
    <p class='ocr_par' dir='ltr' id='par_1_9' title="bbox 184 2891 1323 3803">
     <span class='ocr_line' id='line_1_25' title="bbox 241 2891 1286 2973; baseline 0.003 -23"><span class='ocrx_word' id='word_1_213' title='bbox 241 2891 317 2950; x_wconf 93' lang='lat' dir='ltr'><strong>libro</strong></span> <span class='ocrx_word' id='word_1_214' title='bbox 332 2894 418 2951; x_wconf 89' lang='lat' dir='ltr'><strong>tertio</strong></span> <span class='ocrx_word' id='word_1_215' title='bbox 433 2895 468 2951; x_wconf 93' lang='lat' dir='ltr'><strong>de</strong></span> <span class='ocrx_word' id='word_1_216' title='bbox 482 2895 541 2951; x_wconf 87' lang='lat' dir='ltr'><strong>vita</strong></span> <span class='ocrx_word' id='word_1_217' title='bbox 556 2895 585 2951; x_wconf 92' lang='lat' dir='ltr'><strong>S.</strong></span> <span class='ocrx_word' id='word_1_218' title='bbox 597 2893 741 2973; x_wconf 84' lang='lat' dir='ltr'><strong>Pamphili</strong></span> <span class='ocrx_word' id='word_1_219' title='bbox 757 2913 792 2950; x_wconf 87' lang='lat' dir='ltr'><strong>ex</strong></span> <span class='ocrx_word' id='word_1_220' title='bbox 806 2913 864 2970; x_wconf 88' lang='lat' dir='ltr'><strong>quo</strong></span> <span class='ocrx_word' id='word_1_221' title='bbox 878 2893 1117 2972; x_wconf 88' lang='lat' dir='ltr'><strong>apospasmation</strong></span> <span class='ocrx_word' id='word_1_222' title='bbox 1132 2912 1172 2951; x_wconf 82' lang='lat' dir='ltr'><strong>ex</strong></span> <span class='ocrx_word' id='word_1_223' title='bbox 1184 2894 1286 2953; x_wconf 78' lang='lat' dir='ltr'><strong>Codice</strong></span> 
     </span>
     <span class='ocr_line' id='line_1_26' title="bbox 242 2995 1323 3077; baseline 0.002 -22"><span class='ocrx_word' id='word_1_224' title='bbox 242 2997 375 3055; x_wconf 87' lang='lat' dir='ltr'><strong>Mediceo</strong></span> <span class='ocrx_word' id='word_1_225' title='bbox 398 2998 518 3076; x_wconf 90' lang='lat' dir='ltr'><strong>protulit</strong></span> <span class='ocrx_word' id='word_1_226' title='bbox 537 2996 751 3077; x_wconf 89' lang='lat' dir='ltr'><strong>Papebrochius</strong></span> <span class='ocrx_word' id='word_1_227' title='bbox 770 2999 800 3054; x_wconf 90' lang='lat' dir='ltr'><strong>in</strong></span> <span class='ocrx_word' id='word_1_228' title='bbox 823 2999 904 3055; x_wconf 88' lang='lat' dir='ltr'><strong>Actis</strong></span> <span class='ocrx_word' id='word_1_229' title='bbox 927 2998 1059 3055; x_wconf 89' lang='lat' dir='ltr'><strong>Sanctor.</strong></span> <span class='ocrx_word' id='word_1_230' title='bbox 1081 3008 1156 3056; x_wconf 89' lang='lat' dir='ltr'><strong>tom.</strong></span> <span class='ocrx_word' id='word_1_231' title='bbox 1171 2999 1193 3058; x_wconf 88' lang='lat' dir='ltr'><strong>i.</strong></span> <span class='ocrx_word' id='word_1_232' title='bbox 1211 2998 1286 3057; x_wconf 75' lang='lat' dir='ltr'><strong>Juntr</strong></span> <span class='ocrx_word' id='word_1_233' title='bbox 1317 2995 1323 3008; x_wconf 72' lang='lat'>⁸</span> 
     </span>
     <span class='ocr_line' id='line_1_27' title="bbox 241 3101 1285 3183; baseline 0.002 -23"><span class='ocrx_word' id='word_1_234' title='bbox 241 3121 307 3182; x_wconf 83' lang='lat' dir='ltr'><strong>pag.</strong></span> <span class='ocrx_word' id='word_1_235' title='bbox 321 3102 368 3161; x_wconf 83' lang='grc'><strong>64.</strong></span> <span class='ocrx_word' id='word_1_236' title='bbox 380 3121 437 3179; x_wconf 91' lang='lat' dir='ltr'><strong>seq.</strong></span> <span class='ocrx_word' id='word_1_237' title='bbox 453 3103 530 3180; x_wconf 90' lang='lat' dir='ltr'><strong>quod</strong></span> <span class='ocrx_word' id='word_1_238' title='bbox 543 3122 635 3182; x_wconf 88' lang='lat' dir='ltr'><strong>nuper</strong></span> <span class='ocrx_word' id='word_1_239' title='bbox 648 3102 749 3159; x_wconf 84' lang='lat' dir='ltr'><strong>Graeee</strong></span> <span class='ocrx_word' id='word_1_240' title='bbox 768 3112 798 3159; x_wconf 96' lang='lat' dir='ltr'><strong>et</strong></span> <span class='ocrx_word' id='word_1_241' title='bbox 815 3101 882 3159; x_wconf 85' lang='lat' dir='ltr'><strong>Lat.</strong></span> <span class='ocrx_word' id='word_1_242' title='bbox 897 3102 1090 3159; x_wconf 88' lang='lat' dir='ltr'><strong>recudendum</strong></span> <span class='ocrx_word' id='word_1_243' title='bbox 1106 3102 1175 3161; x_wconf 89' lang='lat' dir='ltr'><strong>dedi</strong></span> <span class='ocrx_word' id='word_1_244' title='bbox 1188 3104 1220 3162; x_wconf 90' lang='lat' dir='ltr'><strong>in</strong></span> <span class='ocrx_word' id='word_1_245' title='bbox 1233 3105 1285 3183; x_wconf 91' lang='lat' dir='ltr'><strong>spi·</strong></span> 
     </span>
     <span class='ocr_line' id='line_1_28' title="bbox 184 3202 1285 3288; baseline 0.004 -26"><span class='ocrx_word' id='word_1_246' title='bbox 184 3202 186 3216; x_wconf 82' lang='grc'><em>’</em></span> <span class='ocrx_word' id='word_1_247' title='bbox 241 3207 346 3282; x_wconf 85' lang='lat' dir='ltr'><strong>cilcgio</strong></span> <span class='ocrx_word' id='word_1_248' title='bbox 360 3207 478 3263; x_wconf 80' lang='lat' dir='ltr'><strong>Petrum</strong></span> <span class='ocrx_word' id='word_1_249' title='bbox 492 3207 571 3264; x_wconf 90' lang='lat' dir='ltr'><strong>tertii</strong></span> <span class='ocrx_word' id='word_1_250' title='bbox 585 3206 692 3273; x_wconf 77' lang='lat' dir='ltr'><strong>saculi,</strong></span> <span class='ocrx_word' id='word_1_251' title='bbox 708 3226 766 3264; x_wconf 88' lang='lat' dir='ltr'><strong>una</strong></span> <span class='ocrx_word' id='word_1_252' title='bbox 787 3226 852 3264; x_wconf 89' lang='lat' dir='ltr'><strong>cum</strong></span> <span class='ocrx_word' id='word_1_253' title='bbox 874 3205 1020 3284; x_wconf 88' lang='lat' dir='ltr'><strong>Pamphili</strong></span> <span class='ocrx_word' id='word_1_254' title='bbox 1040 3206 1188 3286; x_wconf 83' lang='lat' dir='ltr'><strong>Martyris</strong></span> <span class='ocrx_word' id='word_1_255' title='bbox 1207 3229 1285 3288; x_wconf 75' lang='lat' dir='ltr'><strong>argu·</strong></span> 
     </span>
     <span class='ocr_line' id='line_1_29' title="bbox 240 3308 1284 3394; baseline 0.004 -25"><span class='ocrx_word' id='word_1_256' title='bbox 240 3312 345 3369; x_wconf 88' lang='lat' dir='ltr'><strong>mentis</strong></span> <span class='ocrx_word' id='word_1_257' title='bbox 361 3311 496 3388; x_wconf 88' lang='lat' dir='ltr'><strong>Capitum</strong></span> <span class='ocrx_word' id='word_1_258' title='bbox 509 3308 574 3368; x_wconf 90' lang='lat' dir='ltr'><strong>libri</strong></span> <span class='ocrx_word' id='word_1_259' title='bbox 589 3311 731 3368; x_wconf 87' lang='lat' dir='ltr'><strong>Actorum</strong></span> <span class='ocrx_word' id='word_1_260' title='bbox 745 3311 993 3389; x_wconf 88' lang='lat' dir='ltr'><strong>Apostolicorum,</strong></span> <span class='ocrx_word' id='word_1_261' title='bbox 1006 3310 1037 3367; x_wconf 89' lang='lat' dir='ltr'><strong>in</strong></span> <span class='ocrx_word' id='word_1_262' title='bbox 1051 3321 1137 3370; x_wconf 92' lang='lat' dir='ltr'><strong>tomo</strong></span> <span class='ocrx_word' id='word_1_263' title='bbox 1149 3315 1182 3374; x_wconf 86' lang='lat' dir='ltr'><strong>ii.</strong></span> <span class='ocrx_word' id='word_1_264' title='bbox 1195 3314 1284 3394; x_wconf 71' lang='lat' dir='ltr'><strong>Opus·</strong></span> 
     </span>
     <span class='ocr_line' id='line_1_30' title="bbox 243 3413 1284 3498; baseline 0.006 -27"><span class='ocrx_word' id='word_1_265' title='bbox 243 3413 371 3472; x_wconf 90' lang='lat' dir='ltr'><strong>culorum</strong></span> <span class='ocrx_word' id='word_1_266' title='bbox 386 3415 415 3471; x_wconf 88' lang='lat' dir='ltr'><strong>S.</strong></span> <span class='ocrx_word' id='word_1_267' title='bbox 429 3413 584 3495; x_wconf 87' lang='lat' dir='ltr'><strong>Hippolyti</strong></span> <span class='ocrx_word' id='word_1_268' title='bbox 598 3413 707 3472; x_wconf 88' lang='lat' dir='ltr'><strong>Hamb.</strong></span> <span class='ocrx_word' id='word_1_269' title='bbox 723 3413 876 3476; x_wconf 82' lang='lat' dir='ltr'><strong>1718.f01.</strong></span> <span class='ocrx_word' id='word_1_270' title='bbox 913 3415 1012 3472; x_wconf 89' lang='lat' dir='ltr'><strong>Vitam</strong></span> <span class='ocrx_word' id='word_1_271' title='bbox 1032 3415 1185 3495; x_wconf 90' lang='lat' dir='ltr'><strong>Pamphili</strong></span> <span class='ocrx_word' id='word_1_272' title='bbox 1202 3419 1284 3498; x_wconf 84' lang='lat' dir='ltr'><strong>scrip·</strong></span> 
     </span>
     <span class='ocr_line' id='line_1_31' title="bbox 243 3519 1287 3602; baseline 0.004 -26"><span class='ocrx_word' id='word_1_273' title='bbox 243 3520 313 3576; x_wconf 84' lang='lat' dir='ltr'><strong>sisse</strong></span> <span class='ocrx_word' id='word_1_274' title='bbox 327 3538 358 3576; x_wconf 90' lang='lat' dir='ltr'><strong>se</strong></span> <span class='ocrx_word' id='word_1_275' title='bbox 371 3520 507 3599; x_wconf 89' lang='lat' dir='ltr'><strong>peculiari</strong></span> <span class='ocrx_word' id='word_1_276' title='bbox 522 3539 610 3598; x_wconf 92' lang='lat' dir='ltr'><strong>opera</strong></span> <span class='ocrx_word' id='word_1_277' title='bbox 624 3530 747 3578; x_wconf 90' lang='lat' dir='ltr'><strong>testatur</strong></span> <span class='ocrx_word' id='word_1_278' title='bbox 760 3519 904 3578; x_wconf 87' lang='lat' dir='ltr'><strong>Eusebius</strong></span> <span class='ocrx_word' id='word_1_279' title='bbox 915 3521 964 3578; x_wconf 83' lang='lat' dir='ltr'><strong>rii.</strong></span> <span class='ocrx_word' id='word_1_280' title='bbox 976 3521 1026 3579; x_wconf 84' lang='grc'><strong>32.</strong></span> <span class='ocrx_word' id='word_1_281' title='bbox 1040 3540 1071 3600; x_wconf 94' lang='lat' dir='ltr'><strong>p.</strong></span> <span class='ocrx_word' id='word_1_282' title='bbox 1083 3521 1156 3581; x_wconf 86' lang='grc'><strong>288.</strong></span> <span class='ocrx_word' id='word_1_283' title='bbox 1168 3543 1228 3602; x_wconf 87' lang='lat' dir='ltr'><strong>seq.</strong></span> <span class='ocrx_word' id='word_1_284' title='bbox 1242 3523 1287 3582; x_wconf 88' lang='lat' dir='ltr'><strong>ubi</strong></span> 
     </span>
     <span class='ocr_line' id='line_1_32' title="bbox 243 3626 1285 3709; baseline 0.004 -26"><span class='ocrx_word' id='word_1_285' title='bbox 243 3628 335 3684; x_wconf 85' lang='lat' dir='ltr'><strong>virum</strong></span> <span class='ocrx_word' id='word_1_286' title='bbox 356 3627 436 3685; x_wconf 90' lang='lat' dir='ltr'><strong>illum</strong></span> <span class='ocrx_word' id='word_1_287' title='bbox 461 3626 682 3703; x_wconf 72' lang='lat' dir='ltr'><strong>bavpacuiwro</strong></span> <span class='ocrx_word' id='word_1_288' title='bbox 703 3626 838 3708; x_wconf 84' lang='lat' dir='ltr'><strong>appellat.</strong></span> <span class='ocrx_word' id='word_1_289' title='bbox 863 3626 1047 3687; x_wconf 74' lang='lat' dir='ltr'><strong>Fasarcrns.</strong></span> <span class='ocrx_word' id='word_1_290' title='bbox 1090 3627 1235 3709; x_wconf 89' lang='lat' dir='ltr'><strong>Disputat</strong></span> <span class='ocrx_word' id='word_1_291' title='bbox 1254 3627 1285 3687; x_wconf 89' lang='lat' dir='ltr'><strong>el.</strong></span> 
     </span>
     <span class='ocr_line' id='line_1_33' title="bbox 186 3729 1286 3803; baseline 0 -14"><span class='ocrx_word' id='word_1_292' title='bbox 186 3741 189 3746; x_wconf 86' lang='lat'>&#39;</span> <span class='ocrx_word' id='word_1_293' title='bbox 243 3730 407 3789; x_wconf 85' lang='lat' dir='ltr'><strong>Lardnerus</strong></span> <span class='ocrx_word' id='word_1_294' title='bbox 431 3740 533 3789; x_wconf 87' lang='lat' dir='ltr'><strong>contra</strong></span> <span class='ocrx_word' id='word_1_295' title='bbox 554 3729 598 3794; x_wconf 74' lang='lat' dir='ltr'><strong>sir</strong></span> <span class='ocrx_word' id='word_1_296' title='bbox 619 3735 781 3803; x_wconf 64' lang='lat' dir='ltr'><strong>praeniissa</strong></span> <span class='ocrx_word' id='word_1_297' title='bbox 802 3731 925 3788; x_wconf 89' lang='lat' dir='ltr'><strong>istorum</strong></span> <span class='ocrx_word' id='word_1_298' title='bbox 946 3732 1090 3791; x_wconf 88' lang='lat' dir='ltr'><strong>Actorum</strong></span> <span class='ocrx_word' id='word_1_299' title='bbox 1112 3753 1133 3792; x_wconf 87' lang='lat' dir='ltr'><strong>a</strong></span> <span class='ocrx_word' id='word_1_300' title='bbox 1157 3733 1286 3793; x_wconf 82' lang='lat' dir='ltr'><strong>Fabricio</strong></span> 
     </span>
    </p>
   </div>
   <div class='ocr_carea' id='block_1_7' title="bbox 240 3823 1285 3929">
    <p class='ocr_par' dir='ltr' id='par_1_10' title="bbox 240 3823 1285 3929">
     <span class='ocr_line' id='line_1_34' title="bbox 240 3823 1285 3929; baseline 0.004 -32"><span class='ocrx_word' id='word_1_301' title='bbox 240 3836 362 3914; x_wconf 81' lang='lat' dir='ltr'><strong>aliisque</strong></span> <span class='ocrx_word' id='word_1_302' title='bbox 383 3838 535 3910; x_wconf 89' lang='lat' dir='ltr'><strong>editorum,</strong></span> <span class='ocrx_word' id='word_1_303' title='bbox 555 3843 585 3899; x_wconf 89' lang='lat' dir='ltr'><strong>in</strong></span> <span class='ocrx_word' id='word_1_304' title='bbox 604 3823 661 3920; x_wconf 89' lang='lat' dir='ltr'><strong>Op.</strong></span> <span class='ocrx_word' id='word_1_305' title='bbox 674 3842 724 3901; x_wconf 88' lang='lat' dir='ltr'><strong>De</strong></span> <span class='ocrx_word' id='word_1_306' title='bbox 737 3843 806 3929; x_wconf 69' lang='lat' dir='ltr'><strong>lide</strong></span> <span class='ocrx_word' id='word_1_307' title='bbox 822 3845 898 3901; x_wconf 85' lang='lat' dir='ltr'><strong>Hist.</strong></span> <span class='ocrx_word' id='word_1_308' title='bbox 919 3844 1027 3920; x_wconf 57' lang='lat' dir='ltr'><strong>Euerg.</strong></span> <span class='ocrx_word' id='word_1_309' title='bbox 1048 3855 1128 3923; x_wconf 88' lang='lat' dir='ltr'><strong>part.</strong></span> <span class='ocrx_word' id='word_1_310' title='bbox 1144 3844 1189 3907; x_wconf 83' lang='lat'><strong>11.</strong></span> <span class='ocrx_word' id='word_1_311' title='bbox 1207 3844 1255 3906; x_wconf 81' lang='lat' dir='ltr'><strong>hh.</strong></span> <span class='ocrx_word' id='word_1_312' title='bbox 1268 3844 1285 3901; x_wconf 92' lang='lat' dir='ltr'><strong>i.</strong></span> 
     </span>
    </p>
   </div>
   <div class='ocr_carea' id='block_1_8' title="bbox 243 3945 1284 4118">
    <p class='ocr_par' dir='ltr' id='par_1_11' title="bbox 243 3945 1284 4118">
     <span class='ocr_line' id='line_1_35' title="bbox 243 3945 1284 4029; baseline 0.014 -30"><span class='ocrx_word' id='word_1_313' title='bbox 243 3961 306 4020; x_wconf 84' lang='lat' dir='ltr'><strong>cap.</strong></span> <span class='ocrx_word' id='word_1_314' title='bbox 318 3945 367 4007; x_wconf 81' lang='lat'><strong>59.</strong></span> <span class='ocrx_word' id='word_1_315' title='bbox 380 3963 410 4002; x_wconf 87' lang='lat' dir='ltr'><strong>n.</strong></span> <span class='ocrx_word' id='word_1_316' title='bbox 425 3946 471 4004; x_wconf 89' lang='lat'><strong>10.</strong></span> <span class='ocrx_word' id='word_1_317' title='bbox 504 3945 552 4004; x_wconf 89' lang='lat' dir='ltr'><strong>De</strong></span> <span class='ocrx_word' id='word_1_318' title='bbox 563 3948 741 4022; x_wconf 77' lang='lat' dir='ltr'><strong>Argumentis</strong></span> <span class='ocrx_word' id='word_1_319' title='bbox 753 3967 822 4007; x_wconf 84' lang='lat' dir='ltr'><strong>vero</strong></span> <span class='ocrx_word' id='word_1_320' title='bbox 838 3949 967 4027; x_wconf 78' lang='lat' dir='ltr'><strong>Cupitum</strong></span> <span class='ocrx_word' id='word_1_321' title='bbox 981 3948 1045 4007; x_wconf 84' lang='lat' dir='ltr'><strong>libri</strong></span> <span class='ocrx_word' id='word_1_322' title='bbox 1056 3952 1184 4017; x_wconf 73' lang='lat' dir='ltr'><strong>Actaeon</strong></span> <span class='ocrx_word' id='word_1_323' title='bbox 1196 3953 1284 4029; x_wconf 72' lang='lat' dir='ltr'><strong>Apol.</strong></span> 
     </span>
     <span class='ocr_line' id='line_1_36' title="bbox 243 4042 1086 4118; baseline 0.028 -16"><span class='ocrx_word' id='word_1_324' title='bbox 243 4047 335 4106; x_wconf 85' lang='lat' dir='ltr'><strong>dicam</strong></span> <span class='ocrx_word' id='word_1_325' title='bbox 348 4047 434 4108; x_wconf 78' lang='lat' dir='ltr'><strong>infra.</strong></span> <span class='ocrx_word' id='word_1_326' title='bbox 467 4101 475 4118; x_wconf 70' lang='grc'>,</span> <span class='ocrx_word' id='word_1_327' title='bbox 1082 4042 1086 4047; x_wconf 35' lang='lat'><strong>¹</strong></span> 
     </span>
    </p>
   </div>
   <div class='ocr_carea' id='block_1_9' title="bbox 0 0 1344 4756">
    <p class='ocr_par' dir='ltr' id='par_1_12' title="bbox 0 0 1344 4756">
     <span class='ocr_line' id='line_1_37' title="bbox 0 0 1344 4756; baseline 0 1"><span class='ocrx_word' id='word_1_328' title='bbox 0 0 1344 4756; x_wconf 95' lang='lat' dir='ltr'><strong> </strong></span> 
     </span>
    </p>
   </div>
  </div>
 </body>
</html>
