2678 4756
232 282 294 353 ¹34
568 268 956 339 auuorarronss·
1080 310 1085 314 -

127 489 133 497 .
232 458 289 500 nec
302 437 396 504 minis
404 438 542 527 fractos.
584 442 671 506 Nam
690 441 805 506 Cicero
825 442 857 505 in
872 441 956 506 libro
992 439 1076 505 rimo
1095 443 1279 507 ciliciorum

234 520 316 588 dixit
338 525 444 613 frangi
465 541 566 606 metu,
586 538 620 591 et
637 528 758 593 Statius
776 529 817 591 ix.
832 462 1017 591 Thebaidis
1040 527 1137 592 minis
1159 528 1279 615 frangi.

236 606 322 673 Sunt
344 610 441 675 etiam
466 612 529 676 alia
548 614 705 699 exempla.
728 615 933 677 Baccarus.
976 614 1064 677 Ante
1087 614 1280 692 Pamelium,

234 694 392 760 referente
409 697 550 762 Pamelio
572 697 655 783 ipso,
676 700 807 762 extabat
827 697 907 762 illud
923 720 977 763 neo
991 697 1082 762 annis
1097 699 1131 763 in
1147 698 1282 765 editione

236 778 406 861 Manutii3
428 783 530 846 immo
557 783 588 846 in
615 783 746 847 editione
771 783 926 868 Cypriani
947 805 1018 847 vere
1040 785 1201 871 principe,
1222 806 1281 849 reu

238 865 391 931 Romana.
438 870 535 932 Porro
552 869 583 932 in
599 868 674 932 edit.
693 868 791 933 Onon.
808 869 896 932 nulla
917 884 1116 935 memoratur
1126 868 1281 935 lectionis

236 951 383 1016 varietas.
426 954 563 1017 Baluzio
587 966 695 1017 tamen
718 954 805 1017 istud
828 977 882 1016 neo
904 954 1034 1018 cuminis
1053 954 1191 1021 editioni
1212 976 1280 1021 suc

236 1039 417 1123 reponenti,
439 1061 513 1125 quae
536 1038 667 1124 quidem
695 1061 755 1102 vox
778 1039 917 1103 cominus
938 1040 969 1104 in
996 1039 1146 1105 Oratione
1168 1043 1280 1105 Puero·

237 1145 308 1187 rum
323 1123 364 1187 ad
385 1146 495 1209 regem
510 1124 596 1209 apud
616 1125 786 1188 Danielem
802 1124 971 1202 invenitur,
990 1125 1126 1197 forsitan
1144 1147 1281 1191 cousen-

239 1208 366 1288 sissem,
384 1210 445 1274 nisi
458 1212 622 1274 obstarent
637 1233 687 1274 res
706 1210 792 1287 duee,
813 1211 953 1307 primum
970 1210 1051 1274 ordo
1066 1231 1132 1295 prre
1179 1226 1282 1276 sterus

240 1295 424 1374 verborum,
458 1318 512 1359 nec
537 1295 665 1359 caminis
692 1317 747 1359 neo
775 1296 868 1360 menis
887 1294 1026 1381 fructos,
1047 1295 1124 1361 dein
1148 1319 1167 1361 e
1189 1297 1282 1361 verba

240 1380 311 1467 ipsa
327 1380 494 1468 Cypriani,
509 1405 581 1466 quae
602 1381 703 1444 avire
721 1383 761 1444 cl.
778 1380 918 1444 adducta
931 1396 1018 1459 sunt,
1034 1380 1199 1446 Imitemur
1206 1398 1283 1469 pne-

240 1488 303 1542 ros,
319 1465 490 1541 Ananiam,
512 1466 679 1543 Azoriuno,
702 1476 731 1529 et
747 1465 948 1544 Misolselens,
968 1466 1093 1553 pirineo
1108 1477 1209 1531 catate
1224 1478 1283 1532 ter-

244 1550 311 1629 riti,
329 1574 383 1616 nec
403 1551 586 1635 captivitate
593 1551 715 1636 fracti,
733 1551 849 1616 dudeco
871 1551 992 1616 devicta
1013 1563 1042 1616 et
1059 1552 1283 1640 Hierosolymis

246 1635 346 1721 captis
360 1636 392 1700 in
408 1636 473 1720 ipso
485 1658 580 1734 regno
592 1659 643 1700 sno
658 1635 850 1723 regenofidei
861 1637 977 1702 virtuto
992 1637 1143 1716 vicentin,
1152 1648 1184 1703 et
1194 1639 1285 1703 minis

245 1721 329 1808 regis
350 1733 380 1785 et
392 1722 539 1805 flammis
551 1721 704 1808 fortiores
725 1723 907 1787 extiterunt.
950 1725 994 1787 Et
1007 1723 1085 1788 alibi
1099 1745 1246 1811 quoque,
1260 1724 1284 1787 si

243 1807 326 1871 bene
341 1807 485 1885 memini,
507 1807 593 1893 apud
613 1808 664 1893 Cy
689 1808 812 1871 rianum
835 1831 875 1872 ex
892 1821 1001 1873 tenera
1023 1808 1141 1874 horum
1159 1810 1283 1874 confes·

246 1915 355 1957 sorum
378 1906 472 1958 aetate
488 1892 617 1957 ducitur
635 1916 655 1956 a
692 1893 915 1958 fortitudinem
932 1894 1169 1959 adhortativum
1189 1917 1282 1981 argu·

246 1993 405 2052 mentum.
440 1981 554 2066 ltaque
569 1978 740 2042 lectionem
757 1979 845 2064 prius
856 1992 1018 2064 receptam
1031 2001 1085 2043 nec
1097 1980 1205 2060 annu,
1217 1981 1250 2045 h.
1259 2001 1284 2044 e.

242 2064 441 2152 juvenilibus
455 2066 555 2142 annis,
572 2065 727 2140 revocavi,
741 2087 838 2148 quam
859 2063 988 2151 quidem
1005 2063 1182 2145 lectionem
1199 2066 1285 2131 uirus

248 2151 310 2215 tide
326 2151 420 2215 unius
436 2164 562 2214 tanturn
579 2149 701 2214 codicis
716 2171 792 2214 cum
804 2148 906 2214 altera
920 2171 975 2214 nec
989 2150 1120 2215 caminis
1131 2152 1284 2216 idemBa·

249 2237 357 2302 lunius
371 2250 560 2300 mutaverat.

253 2388 256 2393 ,
295 2324 328 2385 Ρ.
342 2336 390 2386 83.
406 2321 428 2385 l.
440 2337 491 2385 20.
512 2321 572 2385 etsi
593 2321 692 2406 aliqui
712 2321 752 2384 de
770 2321 905 2407 collegis
921 2322 1040 2386 nostris
1056 2321 1133 2407 bre]
1151 2321 1286 2409 Stepha·

252 2429 312 2471 nus
335 2406 478 2492 sociique
497 2406 560 2470 hoc
577 2428 706 2492 quoque
720 2405 795 2470 loco
810 2408 1039 2492 vituperantur,
1056 2408 1205 2493 quicum
1219 2428 1286 2494 pec·

251 2491 415 2556 catoribus
437 2491 658 2576 poenitentiam
676 2514 740 2555 non
756 2492 927 2577 agentibus
942 2491 1055 2557 illicita
1069 2494 1288 2559 communica·

252 2577 340 2641 tione
354 2598 423 2640 sese
435 2576 560 2641 misceri
594 2577 655 2640 assi
672 2589 757 2640 sunt.

300 2662 384 2726 Ibid.
400 2663 422 2726 l.
435 2675 484 2738 27.
506 2598 656 2726 odalleris
672 2660 842 2746 portionem
865 2663 966 2746 tuom]
993 2662 1107 2728 Codex
1129 2662 1291 2738 Furensis,

254 2747 392 2812 rnoeclsis.
416 2749 519 2833 Supra
533 2749 626 2832 epist.
641 2747 719 2810 lxiii.
734 2768 809 2834 pag.
823 2762 890 2812 110.
905 2758 934 2811 et
950 2747 1030 2811 inter
1046 2748 1182 2813 rnoeclios
1195 2747 1291 2834 parti·

255 2833 360 2905 salam
380 2845 467 2898 tuom
486 2833 630 2918 ponebas.
654 2834 864 2896 anuzrus.
907 2833 1104 2906 Posticulum
1126 2835 1194 2900 boc
1217 2854 1292 2921 quo-

256 2941 320 3005 que
335 2920 409 2984 loco
423 2919 515 2983 editio
530 2919 629 2992 habet
641 2917 795 2982 Munatii.
824 2920 953 2982 Portern
964 2919 1210 3005 proportionem
1223 2930 1292 2989 ecto

259 3005 354 3071 codd.
367 3005 478 3090 scripti
492 3004 525 3068 in
541 3003 615 3068 edit.
634 3003 732 3068 Onon.
746 3002 912 3068 nominati.

304 3091 389 3156 lbib.
405 3090 485 3154 l.32.
500 3113 559 3153 non
576 3087 809 3172 intellexerunt]
833 3087 1005 3154 Consentit
1028 3088 1216 3175 Cyprianus
1235 3087 1295 3154 lec·

259 3177 341 3243 tioni
355 3175 484 3240 illorum
500 3175 648 3239 ecdicum
665 3175 720 3259 qui
738 3173 859 3239 habent
880 3175 918 3237 ἐκ
940 3175 1069 3252 evincas,
1094 3186 1128 3238 et
1150 3174 1297 3260 deinceps

255 3263 283 3333 ¹oi
299 3266 372 3326 circi
386 3267 493 3339 norici,
507 3276 540 3324 et
555 3261 579 3322 oi
593 3264 781 3323 concursator.
805 3260 967 3324 FELLUs.
1004 3263 1052 3323 Ea
1065 3281 1139 3360 quae
1154 3261 1229 3326 istic
1243 3261 1297 3324 Pa·

261 3349 376 3412 melius
390 3349 435 3410 ait
445 3369 508 3410 non
522 3346 653 3429 reperiri
666 3346 697 3408 in
713 3345 872 3408 veteribus
885 3345 1109 3430 manuscriptis
1122 3366 1190 3430 ego
1201 3342 1300 3431 reperi

261 3435 294 3500 in
317 3432 512 3519 quindecim.
545 3433 755 3495 Banuz1us.
791 3429 902 3515 Vulgo
922 3429 1043 3515 legitur
1061 3429 1219 3513 ἑπῖγνοντις
1238 3430 1301 3499 sine

261 3516 420 3606 particula
435 3516 581 3600 negativa
592 3516 677 3598 apud
692 3513 863 3598 apostolam
875 3516 968 3579 verba
981 3528 1198 3599 repetentem.

310 3606 344 3666 P.
358 3614 407 3666 84.
423 3600 446 3666 l.
460 3615 490 3663 8.
512 3600 697 3663 nocentium
720 3600 939 3664 contractibus
960 3600 1167 3686 polluuntur]
1195 3601 1302 3665 Pacis·

265 3712 326 3754 nus
342 3687 435 3772 epist.
448 3686 492 3749 iii.
510 3685 635 3768 rejicere
648 3695 800 3764 nocentes,
823 3695 960 3749 attactus
971 3685 1171 3771 peccantium
1174 3686 1303 3775 fugero.

265 3777 484 3840 chaurrus
502 3791 521 3835 a
536 3770 625 3834 Fello
640 3771 767 3834 allatus.

311 3858 395 3922 Ibid.
411 3857 433 3920 l.
444 3865 492 3919 15.
508 3857 597 3941 Opto
609 3859 678 3940 vos]
699 3857 777 3919 Duo
792 3855 865 3919 libri
880 3869 1001 3919 veteres
1017 3869 1050 3921 et
1064 3855 1167 3920 editio
1182 3855 1305 3921 Mosel-

266 3946 301 4011 lii
316 3944 436 4006 habent
454 3943 616 4025 Optamus.
661 3943 808 4025 Utraque
827 3940 925 4004 lectio
944 3939 1029 4004 bona
1049 3955 1098 4005 est
1112 3955 1249 4028 propter
1261 3963 1308 4005 ra·

267 4032 371 4095 tiones
392 4027 468 4091 alibi
488 4026 600 4090 allatas
622 4023 654 4088 in
677 4025 774 4089 simili
795 4026 964 4089 occasione
985 4047 1061 4111 pag.
1073 4040 1146 4104 393.
1184 4027 1307 4093 Baun-

262 4137 371 4199 ,arus
414 4112 492 4199 Seii.
517 4112 558 4175 ad
584 4110 690 4195 Epist.
713 4109 865 4194 Cypriani
880 4117 910 4176 6.
932 4112 989 4175 ubi
1009 4111 1050 4176 ad
1069 4110 1230 4187 lectiones
1244 4121 1328 4199 opto.
