<?xml version="1.0" encoding="UTF-8"?>
<!DOCTYPE html PUBLIC "-//W3C//DTD XHTML 1.0 Transitional//EN"
    "http://www.w3.org/TR/xhtml1/DTD/xhtml1-transitional.dtd">
<html xmlns="http://www.w3.org/1999/xhtml" xml:lang="en" lang="en">
 <head>
  <title>
</title>
<meta http-equiv="Content-Type" content="text/html;charset=utf-8" />
  <meta name='ocr-system' content='tesseract 3.04.00' />
  <meta name='ocr-capabilities' content='ocr_page ocr_carea ocr_par ocr_line ocrx_word'/>
</head>
<body>
  <div class='ocr_page' id='page_1' title='image "./reliquiaesacrae11routgoog_0329.png"; bbox 0 0 2678 4756; ppageno 0'>
   <div class='ocr_carea' id='block_1_1' title="bbox 158 272 993 387">
    <p class='ocr_par' dir='ltr' id='par_1_1' title="bbox 158 272 993 387">
     <span class='ocr_line' id='line_1_1' title="bbox 158 272 993 387; baseline -0.01 -24"><span class='ocrx_word' id='word_1_1' title='bbox 158 296 224 387; x_wconf 63' lang='grc' dir='ltr'>,ιε</span> <span class='ocrx_word' id='word_1_2' title='bbox 363 291 639 363; x_wconf 74' lang='lat' dir='ltr'>auuoruuo</span> <span class='ocrx_word' id='word_1_3' title='bbox 659 292 728 359; x_wconf 77' lang='lat' dir='ltr'>an</span> <span class='ocrx_word' id='word_1_4' title='bbox 748 272 993 361; x_wconf 71' lang='lat' dir='ltr'>sueonum.</span> 
     </span>
    </p>
   </div>
   <div class='ocr_carea' id='block_1_2' title="bbox 68 459 1196 3465">
    <p class='ocr_par' dir='ltr' id='par_1_2' title="bbox 68 459 1196 2785">
     <span class='ocr_line' id='line_1_2' title="bbox 158 459 1196 566; baseline -0.003 -35"><span class='ocrx_word' id='word_1_5' title='bbox 158 472 182 507; x_wconf 89' lang='lat'>“</span> <span class='ocrx_word' id='word_1_6' title='bbox 197 464 273 531; x_wconf 89' lang='lat' dir='ltr'>dem</span> <span class='ocrx_word' id='word_1_7' title='bbox 287 463 506 566; x_wconf 74' lang='lat' dir='ltr'>diligebantur</span> <span class='ocrx_word' id='word_1_8' title='bbox 526 488 624 554; x_wconf 87' lang='lat' dir='ltr'>quam</span> <span class='ocrx_word' id='word_1_9' title='bbox 639 463 731 531; x_wconf 83' lang='lat' dir='ltr'>fitii.&#39;’</span> <span class='ocrx_word' id='word_1_10' title='bbox 766 464 829 530; x_wconf 88' lang='lat' dir='ltr'>His</span> <span class='ocrx_word' id='word_1_11' title='bbox 843 485 986 530; x_wconf 88' lang='lat' dir='ltr'>consona</span> <span class='ocrx_word' id='word_1_12' title='bbox 999 459 1100 528; x_wconf 80' lang='lat' dir='ltr'>refert</span> <span class='ocrx_word' id='word_1_13' title='bbox 1115 461 1196 529; x_wconf 67' lang='lat' dir='ltr'>Las.</span> 
     </span>
     <span class='ocr_line' id='line_1_3' title="bbox 155 547 1194 642; baseline -0.006 -25"><span class='ocrx_word' id='word_1_14' title='bbox 155 551 289 632; x_wconf 82' lang='lat' dir='ltr'>tantim,</span> <span class='ocrx_word' id='word_1_15' title='bbox 304 574 361 640; x_wconf 90' lang='lat' dir='ltr'>qm</span> <span class='ocrx_word' id='word_1_16' title='bbox 381 575 421 618; x_wconf 89' lang='lat' dir='ltr'>ea</span> <span class='ocrx_word' id='word_1_17' title='bbox 439 566 630 642; x_wconf 82' lang='lat' dir='ltr'>tempestate</span> <span class='ocrx_word' id='word_1_18' title='bbox 651 551 742 617; x_wconf 84' lang='lat' dir='ltr'>testis</span> <span class='ocrx_word' id='word_1_19' title='bbox 763 550 865 615; x_wconf 87' lang='lat' dir='ltr'>ferme</span> <span class='ocrx_word' id='word_1_20' title='bbox 886 550 1035 615; x_wconf 87' lang='lat' dir='ltr'>oculatus</span> <span class='ocrx_word' id='word_1_21' title='bbox 1052 547 1194 612; x_wconf 87' lang='lat' dir='ltr'>florebat</span> 
     </span>
     <span class='ocr_line' id='line_1_4' title="bbox 156 633 1196 722; baseline -0.007 -19"><span class='ocrx_word' id='word_1_22' title='bbox 156 637 212 703; x_wconf 85' lang='lat' dir='ltr'>Sic</span> <span class='ocrx_word' id='word_1_23' title='bbox 237 637 324 703; x_wconf 89' lang='lat' dir='ltr'>enirn</span> <span class='ocrx_word' id='word_1_24' title='bbox 349 637 403 704; x_wconf 89' lang='lat' dir='ltr'>ille</span> <span class='ocrx_word' id='word_1_25' title='bbox 421 638 474 722; x_wconf 90' lang='lat' dir='ltr'>(de</span> <span class='ocrx_word' id='word_1_26' title='bbox 498 638 636 704; x_wconf 89' lang='lat' dir='ltr'>Mortib.</span> <span class='ocrx_word' id='word_1_27' title='bbox 660 638 822 703; x_wconf 89' lang='lat' dir='ltr'>Persecut.</span> <span class='ocrx_word' id='word_1_28' title='bbox 845 658 884 701; x_wconf 90' lang='lat' dir='ltr'>ca</span> <span class='ocrx_word' id='word_1_29' title='bbox 907 684 916 700; x_wconf 91' lang='lat'><strong>.</strong></span> <span class='ocrx_word' id='word_1_30' title='bbox 937 637 1026 716; x_wconf 79' lang='lat' dir='ltr'><strong>xv.)=</strong></span> <span class='ocrx_word' id='word_1_31' title='bbox 1060 633 1196 697; x_wconf 81' lang='lat' dir='ltr'>Furebnt</span> 
     </span>
     <span class='ocr_line' id='line_1_5' title="bbox 153 721 1194 811; baseline -0.009 -20"><span class='ocrx_word' id='word_1_32' title='bbox 153 745 228 811; x_wconf 82' lang='lat' dir='ltr'>ergo</span> <span class='ocrx_word' id='word_1_33' title='bbox 240 721 408 808; x_wconf 81' lang='lat' dir='ltr'>imperator</span> <span class='ocrx_word' id='word_1_34' title='bbox 419 724 667 808; x_wconf 84' lang='lat' dir='ltr'>(Diocletianus)</span> <span class='ocrx_word' id='word_1_35' title='bbox 673 723 748 808; x_wconf 84' lang='lat' dir='ltr'>jam</span> <span class='ocrx_word' id='word_1_36' title='bbox 757 721 859 787; x_wconf 83' lang='lat' dir='ltr'>nonin</span> <span class='ocrx_word' id='word_1_37' title='bbox 891 721 1049 786; x_wconf 83' lang='lat' dir='ltr'>omesticos</span> <span class='ocrx_word' id='word_1_38' title='bbox 1060 729 1194 797; x_wconf 81' lang='lat' dir='ltr'>tontum,</span> 
     </span>
     <span class='ocr_line' id='line_1_6' title="bbox 154 809 1194 875; baseline -0.007 0"><span class='ocrx_word' id='word_1_39' title='bbox 154 809 212 875; x_wconf 82' lang='lat' dir='ltr'>sed</span> <span class='ocrx_word' id='word_1_40' title='bbox 240 809 274 873; x_wconf 82' lang='lat' dir='ltr'>in</span> <span class='ocrx_word' id='word_1_41' title='bbox 303 812 752 875; x_wconf 80' lang='lat' dir='ltr'>omnes.-Pornur1ss1ur</span> <span class='ocrx_word' id='word_1_42' title='bbox 785 828 981 875; x_wconf 79' lang='lat' dir='ltr'>ouounau</span> <span class='ocrx_word' id='word_1_43' title='bbox 1015 825 1194 871; x_wconf 78' lang='lat' dir='ltr'>snuucur</span> 
     </span>
     <span class='ocr_line' id='line_1_7' title="bbox 154 909 1193 983; baseline -0.005 -22"><span class='ocrx_word' id='word_1_44' title='bbox 154 912 504 983; x_wconf 75' lang='lat' dir='ltr'>uacar1‚perquos</span> <span class='ocrx_word' id='word_1_45' title='bbox 531 915 733 961; x_wconf 70' lang='lat' dir='ltr'>ratmunt</span> <span class='ocrx_word' id='word_1_46' title='bbox 762 912 811 959; x_wconf 80' lang='lat' dir='ltr'>ur</span> <span class='ocrx_word' id='word_1_47' title='bbox 839 915 923 959; x_wconf 74' lang='lat' dir='ltr'>ress</span> <span class='ocrx_word' id='word_1_48' title='bbox 951 909 1193 958; x_wconf 71' lang='lat' dir='ltr'>consuitur.</span> 
     </span>
     <span class='ocr_line' id='line_1_8' title="bbox 151 972 1194 1069; baseline -0.005 -23"><span class='ocrx_word' id='word_1_49' title='bbox 151 980 240 1069; x_wconf 71' lang='lat' dir='ltr'>Quae</span> <span class='ocrx_word' id='word_1_50' title='bbox 254 979 385 1068; x_wconf 89' lang='lat' dir='ltr'>quidem</span> <span class='ocrx_word' id='word_1_51' title='bbox 401 982 511 1047; x_wconf 91' lang='lat' dir='ltr'>omnia</span> <span class='ocrx_word' id='word_1_52' title='bbox 530 981 558 1047; x_wconf 91' lang='lat' dir='ltr'>si</span> <span class='ocrx_word' id='word_1_53' title='bbox 578 1003 655 1046; x_wconf 92' lang='lat' dir='ltr'>curn</span> <span class='ocrx_word' id='word_1_54' title='bbox 677 980 715 1046; x_wconf 88' lang='lat' dir='ltr'>iis</span> <span class='ocrx_word' id='word_1_55' title='bbox 738 972 945 1045; x_wconf 83' lang='lat' dir='ltr'>conferantur</span> <span class='ocrx_word' id='word_1_56' title='bbox 956 1001 1032 1066; x_wconf 84' lang='lat' dir='ltr'>quae</span> <span class='ocrx_word' id='word_1_57' title='bbox 1046 978 1091 1042; x_wconf 83' lang='lat' dir='ltr'>ab</span> <span class='ocrx_word' id='word_1_58' title='bbox 1106 972 1194 1041; x_wconf 92' lang='lat' dir='ltr'>initio</span> 
     </span>
     <span class='ocr_line' id='line_1_9' title="bbox 150 1062 1193 1155; baseline -0.006 -23"><span class='ocrx_word' id='word_1_59' title='bbox 150 1064 195 1132; x_wconf 87' lang='lat' dir='ltr'>ad</span> <span class='ocrx_word' id='word_1_60' title='bbox 210 1065 307 1131; x_wconf 87' lang='lat' dir='ltr'>finem</span> <span class='ocrx_word' id='word_1_61' title='bbox 322 1089 423 1155; x_wconf 87' lang='lat' dir='ltr'>usque</span> <span class='ocrx_word' id='word_1_62' title='bbox 437 1068 472 1132; x_wconf 92' lang='lat' dir='ltr'>in</span> <span class='ocrx_word' id='word_1_63' title='bbox 485 1089 543 1132; x_wconf 91' lang='lat' dir='ltr'>sua</span> <span class='ocrx_word' id='word_1_64' title='bbox 558 1066 695 1154; x_wconf 90' lang='lat' dir='ltr'>epistola</span> <span class='ocrx_word' id='word_1_65' title='bbox 709 1065 807 1131; x_wconf 83' lang='lat' dir='ltr'>tradit</span> <span class='ocrx_word' id='word_1_66' title='bbox 821 1077 935 1130; x_wconf 89' lang='lat' dir='ltr'>auctor</span> <span class='ocrx_word' id='word_1_67' title='bbox 943 1088 955 1144; x_wconf 82' lang='lat'>3</span> <span class='ocrx_word' id='word_1_68' title='bbox 977 1078 1079 1129; x_wconf 78' lang='lat' dir='ltr'>&#39;nemo</span> <span class='ocrx_word' id='word_1_69' title='bbox 1094 1062 1193 1127; x_wconf 91' lang='lat' dir='ltr'>enim·</span> 
     </span>
     <span class='ocr_line' id='line_1_10' title="bbox 149 1146 1192 1242; baseline -0.004 -26"><span class='ocrx_word' id='word_1_70' title='bbox 149 1164 228 1218; x_wconf 83' lang='lat' dir='ltr'>v&#39;ero</span> <span class='ocrx_word' id='word_1_71' title='bbox 242 1152 351 1232; x_wconf 87' lang='lat' dir='ltr'>fuerit,</span> <span class='ocrx_word' id='word_1_72' title='bbox 366 1152 422 1242; x_wconf 91' lang='lat' dir='ltr'>qui</span> <span class='ocrx_word' id='word_1_73' title='bbox 435 1153 538 1218; x_wconf 90' lang='lat' dir='ltr'>libens</span> <span class='ocrx_word' id='word_1_74' title='bbox 552 1153 725 1240; x_wconf 83' lang='lat' dir='ltr'>volensque</span> <span class='ocrx_word' id='word_1_75' title='bbox 739 1151 929 1216; x_wconf 89' lang='lat' dir='ltr'>sententiam</span> <span class='ocrx_word' id='word_1_76' title='bbox 949 1146 1051 1215; x_wconf 89' lang='lat' dir='ltr'>modo</span> <span class='ocrx_word' id='word_1_77' title='bbox 1075 1170 1192 1236; x_wconf 92' lang='lat' dir='ltr'>propo·</span> 
     </span>
     <span class='ocr_line' id='line_1_11' title="bbox 147 1232 1192 1327; baseline -0.005 -24"><span class='ocrx_word' id='word_1_78' title='bbox 147 1237 247 1303; x_wconf 80' lang='lat' dir='ltr'>eitam</span> <span class='ocrx_word' id='word_1_79' title='bbox 262 1260 326 1304; x_wconf 90' lang='lat' dir='ltr'>non</span> <span class='ocrx_word' id='word_1_80' title='bbox 341 1261 392 1303; x_wconf 88' lang='lat' dir='ltr'>am</span> <span class='ocrx_word' id='word_1_81' title='bbox 417 1238 565 1318; x_wconf 89' lang='lat' dir='ltr'>lectatur,</span> <span class='ocrx_word' id='word_1_82' title='bbox 578 1239 697 1327; x_wconf 91' lang='lat' dir='ltr'>quique</span> <span class='ocrx_word' id='word_1_83' title='bbox 711 1236 869 1303; x_wconf 84' lang='lat' dir='ltr'>detrectet</span> <span class='ocrx_word' id='word_1_84' title='bbox 882 1232 1050 1316; x_wconf 85' lang='lat' dir='ltr'>Theonam</span> <span class='ocrx_word' id='word_1_85' title='bbox 1069 1232 1192 1322; x_wconf 68' lang='lat' dir='ltr'>episco⁴</span> 
     </span>
     <span class='ocr_line' id='line_1_12' title="bbox 148 1324 1191 1423; baseline -0.003 -35"><span class='ocrx_word' id='word_1_86' title='bbox 148 1344 232 1423; x_wconf 92' lang='lat' dir='ltr'>pum</span> <span class='ocrx_word' id='word_1_87' title='bbox 255 1324 380 1391; x_wconf 86' lang='lat' dir='ltr'>Alexan</span> <span class='ocrx_word' id='word_1_88' title='bbox 406 1325 512 1391; x_wconf 86' lang='lat' dir='ltr'>riuum</span> <span class='ocrx_word' id='word_1_89' title='bbox 533 1325 602 1414; x_wconf 91' lang='lat' dir='ltr'>ejus</span> <span class='ocrx_word' id='word_1_90' title='bbox 629 1335 794 1389; x_wconf 87' lang='lat' dir='ltr'>auctorem</span> <span class='ocrx_word' id='word_1_91' title='bbox 821 1344 1021 1410; x_wconf 82' lang='lat' dir='ltr'>agnoscere:</span> <span class='ocrx_word' id='word_1_92' title='bbox 1056 1337 1097 1386; x_wconf 94' lang='lat' dir='ltr'>ut</span> <span class='ocrx_word' id='word_1_93' title='bbox 1121 1342 1191 1407; x_wconf 91' lang='lat' dir='ltr'>pro·</span> 
     </span>
     <span class='ocr_line' id='line_1_13' title="bbox 147 1408 1191 1494; baseline -0.007 -17"><span class='ocrx_word' id='word_1_94' title='bbox 147 1408 226 1477; x_wconf 85' lang='lat' dir='ltr'>rnde</span> <span class='ocrx_word' id='word_1_95' title='bbox 249 1409 336 1476; x_wconf 90' lang='lat' dir='ltr'>haud</span> <span class='ocrx_word' id='word_1_96' title='bbox 361 1433 489 1476; x_wconf 90' lang='lat' dir='ltr'>necesse</span> <span class='ocrx_word' id='word_1_97' title='bbox 511 1410 552 1477; x_wconf 92' lang='lat' dir='ltr'>sit</span> <span class='ocrx_word' id='word_1_98' title='bbox 573 1409 672 1476; x_wconf 88' lang='lat' dir='ltr'>alium</span> <span class='ocrx_word' id='word_1_99' title='bbox 695 1432 715 1474; x_wconf 92' lang='lat' dir='ltr'>a</span> <span class='ocrx_word' id='word_1_100' title='bbox 734 1409 941 1474; x_wconf 89' lang='lat' dir='ltr'>Diocletiano</span> <span class='ocrx_word' id='word_1_101' title='bbox 965 1409 1191 1494; x_wconf 87' lang='lat' dir='ltr'>imperatorem</span> 
     </span>
     <span class='ocr_line' id='line_1_14' title="bbox 150 1492 1190 1583; baseline -0.004 -22"><span class='ocrx_word' id='word_1_102' title='bbox 150 1517 295 1583; x_wconf 72' lang='lat' dir='ltr'>querere</span> <span class='ocrx_word' id='word_1_103' title='bbox 309 1519 385 1562; x_wconf 92' lang='lat' dir='ltr'>curn</span> <span class='ocrx_word' id='word_1_104' title='bbox 400 1496 508 1563; x_wconf 87' lang='lat' dir='ltr'>Caveo</span> <span class='ocrx_word' id='word_1_105' title='bbox 522 1497 625 1580; x_wconf 90' lang='lat' dir='ltr'>(Hist.</span> <span class='ocrx_word' id='word_1_106' title='bbox 639 1496 752 1562; x_wconf 89' lang='lat' dir='ltr'>Litter.</span> <span class='ocrx_word' id='word_1_107' title='bbox 766 1508 847 1560; x_wconf 89' lang='lat' dir='ltr'>tom.</span> <span class='ocrx_word' id='word_1_108' title='bbox 857 1495 878 1560; x_wconf 92' lang='lat' dir='ltr'>i.</span> <span class='ocrx_word' id='word_1_109' title='bbox 891 1516 968 1583; x_wconf 86' lang='lat' dir='ltr'>pag.</span> <span class='ocrx_word' id='word_1_110' title='bbox 982 1497 1081 1577; x_wconf 66' lang='lat'>172).</span> <span class='ocrx_word' id='word_1_111' title='bbox 1105 1492 1190 1557; x_wconf 91' lang='lat' dir='ltr'>Con·</span> 
     </span>
     <span class='ocr_line' id='line_1_15' title="bbox 68 1579 1187 1667; baseline -0.002 -22"><span class='ocrx_word' id='word_1_112' title='bbox 68 1648 73 1656; x_wconf 63' lang='grc'><strong>,</strong></span> <span class='ocrx_word' id='word_1_113' title='bbox 150 1581 306 1646; x_wconf 88' lang='lat' dir='ltr'>stantium</span> <span class='ocrx_word' id='word_1_114' title='bbox 321 1580 493 1662; x_wconf 84' lang='lat' dir='ltr'>Chiorum,</span> <span class='ocrx_word' id='word_1_115' title='bbox 507 1595 565 1648; x_wconf 90' lang='lat' dir='ltr'>aut</span> <span class='ocrx_word' id='word_1_116' title='bbox 578 1582 676 1648; x_wconf 87' lang='lat' dir='ltr'>alium</span> <span class='ocrx_word' id='word_1_117' title='bbox 692 1605 767 1647; x_wconf 89' lang='lat' dir='ltr'>cum</span> <span class='ocrx_word' id='word_1_118' title='bbox 783 1581 945 1647; x_wconf 89' lang='lat' dir='ltr'>Dacherio</span> <span class='ocrx_word' id='word_1_119' title='bbox 967 1579 1187 1667; x_wconf 82' lang='lat' dir='ltr'>(Spicil.1.c.)</span> 
     </span>
     <span class='ocr_line' id='line_1_16' title="bbox 148 1664 1191 1756; baseline -0.005 -24"><span class='ocrx_word' id='word_1_120' title='bbox 148 1664 318 1732; x_wconf 84' lang='lat' dir='ltr'>Theonam</span> <span class='ocrx_word' id='word_1_121' title='bbox 333 1668 522 1756; x_wconf 90' lang='lat' dir='ltr'>episcopum</span> <span class='ocrx_word' id='word_1_122' title='bbox 540 1668 757 1755; x_wconf 85' lang='lat' dir='ltr'>Cyzicenum:</span> <span class='ocrx_word' id='word_1_123' title='bbox 773 1690 841 1755; x_wconf 93' lang='lat' dir='ltr'>quo</span> <span class='ocrx_word' id='word_1_124' title='bbox 855 1689 945 1732; x_wconf 89' lang='lat' dir='ltr'>verus</span> <span class='ocrx_word' id='word_1_125' title='bbox 956 1665 1106 1753; x_wconf 77' lang='lat' dir='ltr'>epistolae</span> <span class='ocrx_word' id='word_1_126' title='bbox 1120 1685 1191 1729; x_wconf 87' lang='lat' dir='ltr'>auc·</span> 
     </span>
     <span class='ocr_line' id='line_1_17' title="bbox 148 1747 1189 1842; baseline -0.004 -25"><span class='ocrx_word' id='word_1_127' title='bbox 148 1766 203 1817; x_wconf 88' lang='lat' dir='ltr'>tor</span> <span class='ocrx_word' id='word_1_128' title='bbox 224 1766 395 1834; x_wconf 85' lang='lat' dir='ltr'>statuatur,</span> <span class='ocrx_word' id='word_1_129' title='bbox 417 1754 579 1842; x_wconf 90' lang='lat' dir='ltr'>simulque</span> <span class='ocrx_word' id='word_1_130' title='bbox 600 1753 700 1840; x_wconf 92' lang='lat' dir='ltr'>ipsius</span> <span class='ocrx_word' id='word_1_131' title='bbox 722 1750 868 1841; x_wconf 84' lang='lat' dir='ltr'>epistolae</span> <span class='ocrx_word' id='word_1_132' title='bbox 889 1747 1060 1840; x_wconf 81' lang='lat' dir='ltr'>integritas</span> <span class='ocrx_word' id='word_1_133' title='bbox 1079 1750 1189 1816; x_wconf 87' lang='lat' dir='ltr'>confir·</span> 
     </span>
     <span class='ocr_line' id='line_1_18' title="bbox 148 1835 1188 1925; baseline 0.002 -22"><span class='ocrx_word' id='word_1_134' title='bbox 148 1850 268 1905; x_wconf 81' lang='lat' dir='ltr'>matur.</span> <span class='ocrx_word' id='word_1_135' title='bbox 298 1840 387 1925; x_wconf 87' lang='lat' dir='ltr'>Haec¹</span> <span class='ocrx_word' id='word_1_136' title='bbox 406 1841 677 1906; x_wconf 72' lang='lat' dir='ltr'>Gausauorus.</span> <span class='ocrx_word' id='word_1_137' title='bbox 723 1841 761 1904; x_wconf 92' lang='lat' dir='ltr'>In</span> <span class='ocrx_word' id='word_1_138' title='bbox 780 1838 969 1905; x_wconf 86' lang='lat' dir='ltr'>Praefatione</span> <span class='ocrx_word' id='word_1_139' title='bbox 983 1838 1025 1904; x_wconf 90' lang='lat' dir='ltr'>ad</span> <span class='ocrx_word' id='word_1_140' title='bbox 1041 1853 1126 1902; x_wconf 86' lang='lat' dir='ltr'>tom.</span> <span class='ocrx_word' id='word_1_141' title='bbox 1138 1835 1188 1905; x_wconf 79' lang='lat' dir='ltr'>xii.</span> 
     </span>
     <span class='ocr_line' id='line_1_19' title="bbox 148 1920 1189 2013; baseline 0 -25"><span class='ocrx_word' id='word_1_142' title='bbox 148 1920 314 2013; x_wconf 70' lang='lat' dir='ltr'>spicilegii</span> <span class='ocrx_word' id='word_1_143' title='bbox 331 1925 487 1992; x_wconf 90' lang='lat' dir='ltr'>lectorem</span> <span class='ocrx_word' id='word_1_144' title='bbox 510 1927 680 1992; x_wconf 87' lang='lat' dir='ltr'>admonuit</span> <span class='ocrx_word' id='word_1_145' title='bbox 699 1924 893 2004; x_wconf 90' lang='lat' dir='ltr'>Dacherius,</span> <span class='ocrx_word' id='word_1_146' title='bbox 909 1925 1030 1990; x_wconf 88' lang='lat' dir='ltr'>codicis</span> <span class='ocrx_word' id='word_1_147' title='bbox 1053 1921 1189 2008; x_wconf 78' lang='lat' dir='ltr'>exscrip</span> 
     </span>
     <span class='ocr_line' id='line_1_20' title="bbox 147 2009 1187 2100; baseline -0.003 -25"><span class='ocrx_word' id='word_1_148' title='bbox 147 2020 251 2085; x_wconf 85' lang='lat' dir='ltr'>torem</span> <span class='ocrx_word' id='word_1_149' title='bbox 267 2010 309 2077; x_wconf 87' lang='lat' dir='ltr'>ad</span> <span class='ocrx_word' id='word_1_150' title='bbox 321 2011 489 2077; x_wconf 90' lang='lat' dir='ltr'>Aureliani</span> <span class='ocrx_word' id='word_1_151' title='bbox 504 2025 651 2098; x_wconf 89' lang='lat' dir='ltr'>tempora</span> <span class='ocrx_word' id='word_1_152' title='bbox 665 2011 841 2100; x_wconf 85' lang='lat' dir='ltr'>respexisse</span> <span class='ocrx_word' id='word_1_153' title='bbox 854 2010 966 2089; x_wconf 92' lang='lat' dir='ltr'>videri,</span> <span class='ocrx_word' id='word_1_154' title='bbox 980 2010 1071 2075; x_wconf 91' lang='lat' dir='ltr'>illins</span> <span class='ocrx_word' id='word_1_155' title='bbox 1090 2009 1187 2095; x_wconf 88' lang='lat' dir='ltr'>impe-</span> 
     </span>
     <span class='ocr_line' id='line_1_21' title="bbox 146 2097 1188 2198; baseline -0.002 -38"><span class='ocrx_word' id='word_1_156' title='bbox 146 2097 262 2175; x_wconf 81' lang='lat' dir='ltr'>ratoris</span> <span class='ocrx_word' id='word_1_157' title='bbox 276 2099 406 2163; x_wconf 91' lang='lat' dir='ltr'>nomine</span> <span class='ocrx_word' id='word_1_158' title='bbox 421 2097 561 2184; x_wconf 82' lang='lat' dir='ltr'>margini</span> <span class='ocrx_word' id='word_1_159' title='bbox 575 2097 679 2163; x_wconf 80' lang='lat' dir='ltr'>adfixo</span> <span class='ocrx_word' id='word_1_160' title='bbox 692 2122 702 2178; x_wconf 71' lang='grc' dir='ltr'><strong><em>ς</em></strong></span> <span class='ocrx_word' id='word_1_161' title='bbox 726 2120 829 2198; x_wconf 89' lang='lat' dir='ltr'>neque</span> <span class='ocrx_word' id='word_1_162' title='bbox 843 2119 918 2162; x_wconf 88' lang='lat' dir='ltr'>vero</span> <span class='ocrx_word' id='word_1_163' title='bbox 933 2109 1188 2184; x_wconf 83' lang='lat' dir='ltr'>repugnaturum</span> 
     </span>
     <span class='ocr_line' id='line_1_22' title="bbox 144 2179 1189 2269; baseline -0.002 -23"><span class='ocrx_word' id='word_1_164' title='bbox 144 2200 217 2246; x_wconf 88' lang='lat' dir='ltr'>esse</span> <span class='ocrx_word' id='word_1_165' title='bbox 236 2182 426 2262; x_wconf 85' lang='lat' dir='ltr'>Eusebium,</span> <span class='ocrx_word' id='word_1_166' title='bbox 464 2184 496 2249; x_wconf 91' lang='lat' dir='ltr'>ui</span> <span class='ocrx_word' id='word_1_167' title='bbox 511 2183 723 2249; x_wconf 89' lang='lat' dir='ltr'>Aurelianum</span> <span class='ocrx_word' id='word_1_168' title='bbox 745 2183 838 2249; x_wconf 87' lang='lat' dir='ltr'>inrtio</span> <span class='ocrx_word' id='word_1_169' title='bbox 857 2181 1058 2269; x_wconf 85' lang='lat' dir='ltr'>principatus</span> <span class='ocrx_word' id='word_1_170' title='bbox 1082 2179 1189 2246; x_wconf 91' lang='lat' dir='ltr'>Chris·</span> 
     </span>
     <span class='ocr_line' id='line_1_23' title="bbox 146 2206 1188 2355; baseline -0.006 -18"><span class='ocrx_word' id='word_1_171' title='bbox 146 2266 241 2337; x_wconf 84' lang='lat' dir='ltr'>tianis</span> <span class='ocrx_word' id='word_1_172' title='bbox 256 2268 431 2355; x_wconf 89' lang='lat' dir='ltr'>impensius</span> <span class='ocrx_word' id='word_1_173' title='bbox 441 2206 560 2336; x_wconf 69' lang='lat' dir='ltr'>lavisse</span> <span class='ocrx_word' id='word_1_174' title='bbox 578 2270 702 2350; x_wconf 91' lang='lat' dir='ltr'>asserit,</span> <span class='ocrx_word' id='word_1_175' title='bbox 716 2269 846 2335; x_wconf 86' lang='lat' dir='ltr'>tametsi</span> <span class='ocrx_word' id='word_1_176' title='bbox 860 2281 974 2354; x_wconf 88' lang='lat' dir='ltr'>postea</span> <span class='ocrx_word' id='word_1_177' title='bbox 993 2269 1026 2332; x_wconf 92' lang='lat' dir='ltr'>in</span> <span class='ocrx_word' id='word_1_178' title='bbox 1049 2289 1108 2332; x_wconf 88' lang='lat' dir='ltr'>eos</span> <span class='ocrx_word' id='word_1_179' title='bbox 1129 2266 1188 2331; x_wconf 91' lang='lat' dir='ltr'>im·</span> 
     </span>
     <span class='ocr_line' id='line_1_24' title="bbox 147 2353 1186 2443; baseline -0.002 -26"><span class='ocrx_word' id='word_1_180' title='bbox 147 2374 243 2421; x_wconf 88' lang='lat' dir='ltr'>mane</span> <span class='ocrx_word' id='word_1_181' title='bbox 263 2369 421 2443; x_wconf 90' lang='lat' dir='ltr'>quantum</span> <span class='ocrx_word' id='word_1_182' title='bbox 442 2354 589 2421; x_wconf 75' lang='lat' dir='ltr'>sevierit.</span> <span class='ocrx_word' id='word_1_183' title='bbox 634 2356 698 2420; x_wconf 91' lang='lat' dir='ltr'>Sed</span> <span class='ocrx_word' id='word_1_184' title='bbox 712 2355 838 2420; x_wconf 90' lang='lat' dir='ltr'>nullum</span> <span class='ocrx_word' id='word_1_185' title='bbox 853 2355 888 2421; x_wconf 93' lang='lat' dir='ltr'>id</span> <span class='ocrx_word' id='word_1_186' title='bbox 903 2354 1007 2419; x_wconf 86' lang='lat' dir='ltr'>aetatis</span> <span class='ocrx_word' id='word_1_187' title='bbox 1019 2353 1186 2418; x_wconf 87' lang='lat' dir='ltr'>Theonam</span> 
     </span>
     <span class='ocr_line' id='line_1_25' title="bbox 145 2437 1187 2527; baseline -0.002 -25"><span class='ocrx_word' id='word_1_188' title='bbox 145 2439 335 2526; x_wconf 90' lang='lat' dir='ltr'>episcopum</span> <span class='ocrx_word' id='word_1_189' title='bbox 350 2460 538 2527; x_wconf 89' lang='lat' dir='ltr'>comparere</span> <span class='ocrx_word' id='word_1_190' title='bbox 551 2442 608 2506; x_wconf 89' lang='lat' dir='ltr'>ait.</span> <span class='ocrx_word' id='word_1_191' title='bbox 639 2441 693 2505; x_wconf 90' lang='lat' dir='ltr'>De</span> <span class='ocrx_word' id='word_1_192' title='bbox 708 2441 776 2527; x_wconf 86' lang='lat' dir='ltr'>ipsa</span> <span class='ocrx_word' id='word_1_193' title='bbox 789 2454 898 2506; x_wconf 89' lang='lat' dir='ltr'>autern</span> <span class='ocrx_word' id='word_1_194' title='bbox 912 2439 1051 2527; x_wconf 86' lang='lat' dir='ltr'>epistola</span> <span class='ocrx_word' id='word_1_195' title='bbox 1067 2437 1187 2504; x_wconf 89' lang='lat' dir='ltr'>addidit</span> 
     </span>
     <span class='ocr_line' id='line_1_26' title="bbox 144 2518 1187 2614; baseline 0 -27"><span class='ocrx_word' id='word_1_196' title='bbox 144 2518 215 2588; x_wconf 91' lang='lat' dir='ltr'>haec</span> <span class='ocrx_word' id='word_1_197' title='bbox 229 2524 359 2605; x_wconf 90' lang='lat' dir='ltr'>Cavius,</span> <span class='ocrx_word' id='word_1_198' title='bbox 372 2526 560 2613; x_wconf 82' lang='lat' dir='ltr'>“Quisquis</span> <span class='ocrx_word' id='word_1_199' title='bbox 575 2527 618 2592; x_wconf 91' lang='lat' dir='ltr'>sit</span> <span class='ocrx_word' id='word_1_200' title='bbox 631 2542 754 2606; x_wconf 88' lang='lat' dir='ltr'>auctor,</span> <span class='ocrx_word' id='word_1_201' title='bbox 768 2527 895 2614; x_wconf 88' lang='lat' dir='ltr'>scripsit</span> <span class='ocrx_word' id='word_1_202' title='bbox 908 2525 1082 2612; x_wconf 89' lang='lat' dir='ltr'>epistolam</span> <span class='ocrx_word' id='word_1_203' title='bbox 1098 2545 1187 2610; x_wconf 85' lang='lat' dir='ltr'>egre·</span> 
     </span>
     <span class='ocr_line' id='line_1_27' title="bbox 143 2609 1185 2712; baseline 0.001 -39"><span class='ocrx_word' id='word_1_204' title='bbox 143 2615 168 2648; x_wconf 86' lang='lat'><strong><em>“</em></strong></span> <span class='ocrx_word' id='word_1_205' title='bbox 181 2611 245 2696; x_wconf 88' lang='lat' dir='ltr'>giis</span> <span class='ocrx_word' id='word_1_206' title='bbox 261 2609 452 2677; x_wconf 85' lang='lat' dir='ltr'>Christianae</span> <span class='ocrx_word' id='word_1_207' title='bbox 467 2612 596 2712; x_wconf 88' lang='lat' dir='ltr'>pietatis</span> <span class='ocrx_word' id='word_1_208' title='bbox 614 2625 648 2677; x_wconf 87' lang='lat' dir='ltr'>et</span> <span class='ocrx_word' id='word_1_209' title='bbox 668 2613 847 2699; x_wconf 88' lang='lat' dir='ltr'>prudentiae</span> <span class='ocrx_word' id='word_1_210' title='bbox 868 2611 1077 2677; x_wconf 90' lang='lat' dir='ltr'>documentis</span> <span class='ocrx_word' id='word_1_211' title='bbox 1092 2612 1185 2676; x_wconf 87' lang='lat' dir='ltr'>refer·</span> 
     </span>
     <span class='ocr_line' id='line_1_28' title="bbox 77 2693 1186 2785; baseline 0 -26"><span class='ocrx_word' id='word_1_212' title='bbox 77 2730 78 2733; x_wconf 34' lang='lat'>¹</span> <span class='ocrx_word' id='word_1_213' title='bbox 144 2699 168 2734; x_wconf 85' lang='lat'><strong>“</strong></span> <span class='ocrx_word' id='word_1_214' title='bbox 181 2711 262 2774; x_wconf 88' lang='lat' dir='ltr'>tam,</span> <span class='ocrx_word' id='word_1_215' title='bbox 279 2719 415 2784; x_wconf 89' lang='lat' dir='ltr'>quaeque</span> <span class='ocrx_word' id='word_1_216' title='bbox 430 2721 614 2784; x_wconf 86' lang='lat' dir='ltr'>prrmaevam</span> <span class='ocrx_word' id='word_1_217' title='bbox 629 2698 724 2785; x_wconf 91' lang='lat' dir='ltr'>plane</span> <span class='ocrx_word' id='word_1_218' title='bbox 739 2699 864 2764; x_wconf 89' lang='lat' dir='ltr'>redolet</span> <span class='ocrx_word' id='word_1_219' title='bbox 878 2698 1133 2785; x_wconf 87' lang='lat' dir='ltr'>simplicitatem,</span> <span class='ocrx_word' id='word_1_220' title='bbox 1148 2693 1186 2759; x_wconf 90' lang='lat' dir='ltr'>ad</span> 
     </span>
    </p>

    <p class='ocr_par' dir='ltr' id='par_1_3' title="bbox 116 2782 1185 3465">
     <span class='ocr_line' id='line_1_29' title="bbox 116 2782 1185 2871; baseline -0.003 -22"><span class='ocrx_word' id='word_1_221' title='bbox 116 2836 121 2849; x_wconf 38' lang='lat' dir='ltr'>s</span> <span class='ocrx_word' id='word_1_222' title='bbox 143 2787 167 2820; x_wconf 87' lang='lat'>“</span> <span class='ocrx_word' id='word_1_223' title='bbox 182 2782 360 2847; x_wconf 89' lang='lat' dir='ltr'>Lucianum</span> <span class='ocrx_word' id='word_1_224' title='bbox 382 2784 652 2863; x_wconf 81' lang='lat' dir='ltr'>cubiculariorum</span> <span class='ocrx_word' id='word_1_225' title='bbox 675 2786 896 2871; x_wconf 89' lang='lat' dir='ltr'>praepositum,</span> <span class='ocrx_word' id='word_1_226' title='bbox 917 2807 982 2871; x_wconf 90' lang='lat' dir='ltr'>qua</span> <span class='ocrx_word' id='word_1_227' title='bbox 1001 2783 1096 2848; x_wconf 90' lang='lat' dir='ltr'>illum</span> <span class='ocrx_word' id='word_1_228' title='bbox 1116 2804 1185 2847; x_wconf 90' lang='lat' dir='ltr'>om·</span> 
     </span>
     <span class='ocr_line' id='line_1_30' title="bbox 144 2869 1184 2957; baseline 0.001 -27"><span class='ocrx_word' id='word_1_229' title='bbox 144 2871 167 2906; x_wconf 86' lang='lat'>“</span> <span class='ocrx_word' id='word_1_230' title='bbox 182 2889 302 2954; x_wconf 90' lang='lat' dir='ltr'>nesque</span> <span class='ocrx_word' id='word_1_231' title='bbox 326 2869 382 2955; x_wconf 91' lang='lat' dir='ltr'>qui</span> <span class='ocrx_word' id='word_1_232' title='bbox 404 2869 434 2933; x_wconf 89' lang='lat' dir='ltr'>ei</span> <span class='ocrx_word' id='word_1_233' title='bbox 456 2871 608 2935; x_wconf 89' lang='lat' dir='ltr'>suberant</span> <span class='ocrx_word' id='word_1_234' title='bbox 627 2871 778 2936; x_wconf 88' lang='lat' dir='ltr'>officiales</span> <span class='ocrx_word' id='word_1_235' title='bbox 797 2870 970 2957; x_wconf 89' lang='lat' dir='ltr'>palatinos,</span> <span class='ocrx_word' id='word_1_236' title='bbox 992 2891 1111 2956; x_wconf 90' lang='lat' dir='ltr'>nempe</span> <span class='ocrx_word' id='word_1_237' title='bbox 1129 2889 1184 2954; x_wconf 91' lang='lat' dir='ltr'>pe-</span> 
     </span>
     <span class='ocr_line' id='line_1_31' title="bbox 142 2953 1184 3042; baseline 0 -25"><span class='ocrx_word' id='word_1_238' title='bbox 142 2953 345 3019; x_wconf 75' lang='lat' dir='ltr'>“ousiarum</span> <span class='ocrx_word' id='word_1_239' title='bbox 367 2955 519 3042; x_wconf 89' lang='lat' dir='ltr'>principis</span> <span class='ocrx_word' id='word_1_240' title='bbox 539 2957 744 3042; x_wconf 87' lang='lat' dir='ltr'>privatarum,</span> <span class='ocrx_word' id='word_1_241' title='bbox 763 2957 898 3021; x_wconf 88' lang='lat' dir='ltr'>vestium</span> <span class='ocrx_word' id='word_1_242' title='bbox 920 2970 953 3021; x_wconf 88' lang='lat' dir='ltr'>et</span> <span class='ocrx_word' id='word_1_243' title='bbox 975 2968 1184 3020; x_wconf 89' lang='lat' dir='ltr'>ornamento·</span> 
     </span>
     <span class='ocr_line' id='line_1_32' title="bbox 142 3039 1185 3131; baseline 0.003 -30"><span class='ocrx_word' id='word_1_244' title='bbox 142 3043 253 3103; x_wconf 89' lang='lat' dir='ltr'>“rum</span> <span class='ocrx_word' id='word_1_245' title='bbox 279 3039 505 3125; x_wconf 88' lang='lat' dir='ltr'>imperialium,</span> <span class='ocrx_word' id='word_1_246' title='bbox 530 3064 677 3114; x_wconf 86' lang='lat' dir='ltr'>vasorum</span> <span class='ocrx_word' id='word_1_247' title='bbox 702 3043 929 3131; x_wconf 90' lang='lat' dir='ltr'>pretiosorum,</span> <span class='ocrx_word' id='word_1_248' title='bbox 953 3040 1128 3120; x_wconf 91' lang='lat' dir='ltr'>librorum,</span> <span class='ocrx_word' id='word_1_249' title='bbox 1153 3054 1185 3105; x_wconf 86' lang='lat' dir='ltr'>et</span> 
     </span>
     <span class='ocr_line' id='line_1_33' title="bbox 142 3124 1184 3215; baseline 0.003 -28"><span class='ocrx_word' id='word_1_250' title='bbox 142 3129 164 3163; x_wconf 75' lang='lat'>‘¹</span> <span class='ocrx_word' id='word_1_251' title='bbox 180 3124 386 3211; x_wconf 89' lang='lat' dir='ltr'>supellectilis</span> <span class='ocrx_word' id='word_1_252' title='bbox 406 3126 504 3213; x_wconf 83' lang='lat' dir='ltr'>regiae</span> <span class='ocrx_word' id='word_1_253' title='bbox 527 3127 690 3208; x_wconf 89' lang='lat' dir='ltr'>custodes,</span> <span class='ocrx_word' id='word_1_254' title='bbox 707 3130 786 3194; x_wconf 89' lang='lat' dir='ltr'>scite</span> <span class='ocrx_word' id='word_1_255' title='bbox 805 3128 944 3206; x_wconf 89' lang='lat' dir='ltr'>instruit,</span> <span class='ocrx_word' id='word_1_256' title='bbox 965 3144 1089 3215; x_wconf 87' lang='lat' dir='ltr'>quanta</span> <span class='ocrx_word' id='word_1_257' title='bbox 1108 3148 1184 3191; x_wconf 90' lang='lat' dir='ltr'>cura</span> 
     </span>
     <span class='ocr_line' id='line_1_34' title="bbox 140 3209 1183 3299; baseline 0.002 -26"><span class='ocrx_word' id='word_1_258' title='bbox 140 3214 164 3250; x_wconf 86' lang='lat'>“</span> <span class='ocrx_word' id='word_1_259' title='bbox 178 3224 211 3274; x_wconf 91' lang='lat' dir='ltr'>et</span> <span class='ocrx_word' id='word_1_260' title='bbox 225 3209 403 3296; x_wconf 85' lang='lat' dir='ltr'>diligentia,</span> <span class='ocrx_word' id='word_1_261' title='bbox 419 3235 483 3299; x_wconf 90' lang='lat' dir='ltr'>qua</span> <span class='ocrx_word' id='word_1_262' title='bbox 502 3212 662 3278; x_wconf 88' lang='lat' dir='ltr'>modestia</span> <span class='ocrx_word' id='word_1_263' title='bbox 681 3228 714 3279; x_wconf 91' lang='lat' dir='ltr'>et</span> <span class='ocrx_word' id='word_1_264' title='bbox 734 3213 940 3292; x_wconf 90' lang='lat' dir='ltr'>conscientia,</span> <span class='ocrx_word' id='word_1_265' title='bbox 955 3227 1055 3299; x_wconf 91' lang='lat' dir='ltr'>prout</span> <span class='ocrx_word' id='word_1_266' title='bbox 1072 3211 1183 3277; x_wconf 91' lang='lat' dir='ltr'>Chris·</span> 
     </span>
     <span class='ocr_line' id='line_1_35' title="bbox 139 3294 1182 3388; baseline 0.001 -29"><span class='ocrx_word' id='word_1_267' title='bbox 139 3300 163 3333; x_wconf 88' lang='lat'>“</span> <span class='ocrx_word' id='word_1_268' title='bbox 177 3294 281 3362; x_wconf 90' lang='lat' dir='ltr'>tianos</span> <span class='ocrx_word' id='word_1_269' title='bbox 293 3296 399 3377; x_wconf 91' lang='lat' dir='ltr'>decet,</span> <span class='ocrx_word' id='word_1_270' title='bbox 415 3321 474 3362; x_wconf 91' lang='lat' dir='ltr'>suo</span> <span class='ocrx_word' id='word_1_271' title='bbox 490 3299 626 3386; x_wconf 90' lang='lat' dir='ltr'>quisque</span> <span class='ocrx_word' id='word_1_272' title='bbox 640 3322 773 3365; x_wconf 90' lang='lat' dir='ltr'>munere</span> <span class='ocrx_word' id='word_1_273' title='bbox 785 3322 863 3388; x_wconf 88' lang='lat' dir='ltr'>erga</span> <span class='ocrx_word' id='word_1_274' title='bbox 873 3299 1054 3388; x_wconf 90' lang='lat' dir='ltr'>principem</span> <span class='ocrx_word' id='word_1_275' title='bbox 1067 3300 1182 3384; x_wconf 88' lang='lat' dir='ltr'>funge-</span> 
     </span>
     <span class='ocr_line' id='line_1_36' title="bbox 139 3381 728 3465; baseline 0.01 -21"><span class='ocrx_word' id='word_1_276' title='bbox 139 3385 164 3465; x_wconf 56' lang='grc' dir='ltr'>ἦ(</span> <span class='ocrx_word' id='word_1_277' title='bbox 178 3381 298 3448; x_wconf 89' lang='lat' dir='ltr'>retur.&#39;&#39;</span> <span class='ocrx_word' id='word_1_278' title='bbox 313 3384 348 3447; x_wconf 91' lang='lat' dir='ltr'>P.</span> <span class='ocrx_word' id='word_1_279' title='bbox 361 3396 428 3459; x_wconf 79' lang='lat'><strong>172.</strong></span> <span class='ocrx_word' id='word_1_280' title='bbox 444 3385 507 3450; x_wconf 82' lang='lat' dir='ltr'>vol.</span> <span class='ocrx_word' id='word_1_281' title='bbox 519 3387 542 3450; x_wconf 90' lang='lat' dir='ltr'>i.</span> <span class='ocrx_word' id='word_1_282' title='bbox 558 3385 646 3450; x_wconf 75' lang='lat' dir='ltr'>Hist.</span> <span class='ocrx_word' id='word_1_283' title='bbox 661 3385 728 3451; x_wconf 85' lang='lat' dir='ltr'>Lit.</span> 
     </span>
    </p>
   </div>
   <div class='ocr_carea' id='block_1_3' title="bbox 0 0 1344 4756">
    <p class='ocr_par' dir='ltr' id='par_1_4' title="bbox 0 0 1344 4756">
     <span class='ocr_line' id='line_1_37' title="bbox 0 0 1344 4756; baseline 0 6"><span class='ocrx_word' id='word_1_284' title='bbox 0 0 1344 4756; x_wconf 95' lang='lat' dir='ltr'> </span> 
     </span>
    </p>
   </div>
  </div>
 </body>
</html>
