2678 4756
179 319 184 331 ,
298 260 351 330 m
373 261 408 328 s.
428 256 671 330 vroronuu
695 256 1039 326 nuncuparunt.
1123 275 1188 351 255

147 447 199 502 tas
218 445 361 501 creatura
374 443 431 514 est,
446 432 593 499 secandus
610 431 710 497 homo
730 431 893 496 Dominus
913 431 1042 498 bornuni
1052 432 1189 523 generis,

144 533 183 586 ut
198 522 247 586 ait
267 519 433 608 apostolus.
456 517 627 585 Scilicetin
643 519 708 603 Ep'.
722 533 749 581 1.
765 517 807 582 ad
822 518 1079 598 Cor.xy.‹15,47.
1103 521 1191 587 Mox

147 607 190 674 ad
206 609 271 673 l.3.
286 630 319 695 p.
331 621 401 672 240.
423 607 519 679 verba
538 618 658 684 extant,
677 615 717 679 ut¹
728 603 833 669 Adam
853 602 944 668 illurn
963 619 1019 690 per
1039 604 1188 691 septimu-

143 717 222 759 uanr
235 691 462 781 reformaverit,
477 702 571 779 atque
588 691 741 756 universae
755 713 821 754 suae
837 702 989 756 creaturae
1004 690 1188 758 subveniret.

192 781 227 844 P.
239 795 309 859 239.
323 780 346 845 l.
358 797 389 858 9.
412 781 488 843 Hoc
503 779 601 865 igitur
613 776 899 844 Verbum-timor
912 777 978 842 Dei
992 798 1110 842 nomen
1126 777 1187 842 ba-

144 865 218 951 bet]
235 866 397 932 Walkero
420 877 501 930 teste
521 885 625 942 voces,
649 886 722 950 quoe
746 877 933 964 sequuntur,
957 863 1002 930 ita
1026 863 1059 928 in
1086 863 1188 930 MSto
1226 928 1227 932 ,

143 953 275 1038 scriptae
288 952 427 1030 fuerant,
440 951 628 1015 emendante
642 972 695 1013 eas
710 949 799 1013 Cavir
814 948 1018 1036 apograph03
1034 947 1113 1014 aoeln
1126 971 1188 1036 pro

144 1036 271 1116 coebnrn,
288 1049 372 1101 terra
389 1058 450 1123 pro
473 1048 600 1114 terram,
615 1034 677 1100 sole
695 1047 726 1102 et
750 1033 825 1101 luna
838 1057 897 1122 pro
910 1034 1004 1100 sobern
1018 1046 1050 1100 et
1064 1034 1188 1124 burrum,

144 1145 217 1186 cunr
240 1135 334 1188 terrae
357 1121 508 1187 armaris
527 1145 586 1208 pro
608 1144 677 1186 arm
698 1133 813 1187 terrum
828 1145 865 1185 oc
881 1145 978 1200 ruore,
993 1121 1112 1186 bomine
1125 1142 1187 1208 pro
1224 1186 1226 1195 ,

144 1208 310 1274 bominem.
355 1206 419 1274 Sed
438 1208 607 1273 recentiori
624 1231 722 1273 manu
739 1208 864 1272 literam
879 1231 910 1271 rn
925 1227 1022 1293 super
1034 1207 1189 1294 pleraque

143 1295 219 1361 haec
233 1297 328 1360 verba
343 1295 494 1381 scriptam
509 1293 607 1361 fuisse
621 1294 653 1358 in
669 1294 740 1380 ipso
754 1293 876 1374 codice,
891 1305 1027 1358 testatur
1041 1294 1082 1359 cl.
1097 1292 1187 1358 Tod-

143 1380 231 1446 dius.
275 1383 350 1468 Ego
365 1381 491 1445 interim
507 1379 626 1445 tirnoris
641 1402 699 1467 pro
715 1379 808 1443 timor
822 1379 932 1444 malim
948 1379 1066 1466 legere.

191 1466 276 1533 Ibid.
289 1468 370 1534 l.15.
387 1468 522 1553 cornua]
539 1476 666 1531 cornuta
678 1466 752 1529 MS.
777 1465 909 1531 Correxi
922 1480 996 1551 post
1005 1465 1103 1552 Apoc.
1114 1489 1142 1530 v.
1155 1471 1187 1530 6.

190 1552 275 1618 Ibid.
290 1553 313 1618 l.
325 1568 377 1618 20.
399 1551 486 1639 apud
503 1552 649 1636 Paulum]
668 1552 728 1616 Pro
743 1550 880 1617 Paulum
901 1573 1016 1638 margo
1037 1551 1188 1616 editionis

145 1637 247 1705 Cavei
265 1638 373 1704 habet.
407 1641 442 1705 F.
458 1638 590 1725 Apocal.
607 1637 663 1702 sed
679 1637 773 1718 male,
787 1651 820 1703 et
833 1651 920 1703 recte
934 1636 1072 1731 rantum
1080 1664 1094 1717 ‚·
1117 1637 1187 1726 Cy-

144 1722 278 1811 prianus
297 1724 338 1789 de
360 1725 591 1790 Exhortatione
613 1724 766 1812 Martyrii
789 1745 864 1810 pag.
883 1738 948 1787 125.
974 1723 1024 1788 ed.
1046 1723 1189 1794 Amstel.

145 1809 314 1897 Apostolus
331 1811 451 1876 Paulus
489 1811 522 1876 ui
538 1809 630 1897 birjus
645 1810 780 1897 legitimi
793 1810 914 1875 numeri
935 1821 965 1874 et
987 1810 1062 1874 certi
1078 1806 1187 1874 memi-

144 1897 207 1976 nit,
223 1897 293 1961 ads
332 1908 393 1962 tern
411 1835 553 1963 eccbsias
571 1895 687 1961 scribit.
723 1895 807 1960 Vide
828 1908 861 1960 et
879 1895 942 1960 alia
961 1895 1081 1961 ibidem
1100 1896 1186 1963 hunc

145 1982 258 2047 locum
279 1983 301 2048 il
317 1983 481 2048 ustrantia.
507 1984 700 2050 Wsnusu.
745 1983 1025 2047 Fuaousuruu
1048 1983 1099 2046 De
1123 1984 1188 2047 Ca-

145 2091 226 2134 none
248 2069 280 2133 S.
304 2069 495 2156 Scriptura,
507 2069 595 2156 quod
619 2069 741 2154 primus
764 2067 863 2132 edidit
882 2067 915 2131 in
932 2067 1188 2154 Antiquitatibus

145 2152 254 2220 Medii
273 2156 354 2221 AEoi
375 2157 416 2220 cl.
436 2155 649 2232 Muratorius,
672 2155 741 2218 haec
763 2152 974 2218 habet-cunr
995 2152 1060 2238 ipse
1081 2153 1188 2221 beatus

146 2239 304 2327 apostolus
319 2240 440 2306 Paulus
461 2263 588 2328 sequens
607 2239 840 2327 proedecessoris
859 2238 908 2303 sui
927 2238 1081 2304 Jobannis
1103 2241 1187 2306 ordi·

146 2349 231 2406 nerra,
245 2328 367 2393 nonnisi
386 2327 571 2393 nominatim
592 2337 707 2412 septem
726 2323 860 2390 ecclesiis
874 2323 979 2390 scribit
995 2325 1099 2392 ordine
1113 2326 1185 2410 tali,

145 2412 191 2478 ad
206 2413 379 2479 Corinthios
396 2415 457 2480 bec.
953 2418 956 2424 ’

192 2499 277 2564 Ibid.
294 2501 316 2565 l.
328 2513 524 2587 20.septem
539 2501 704 2586 diacones]
721 2501 820 2567 Cons.
839 2513 950 2565 notam
972 2501 1012 2566 ad
1035 2501 1191 2567 Cortum.
1258 2523 1259 2527 ’

149 2605 208 2651 ιιι
228 2588 421 2673 Fragmenta
441 2586 482 2652 de
501 2609 636 2652 numero
656 2587 866 2653 diaconorum
882 2609 978 2674 supra
993 2588 1188 2674 ad'pag.43.

145 2671 201 2736 De
214 2672 372 2760 scriptura
385 2685 494 2738 autem
511 2673 651 2738 diacones
664 2674 801 2738 Vossius
815 2672 848 2737 in
862 2672 919 2737 lib.
934 2673 985 2738 De
1001 2674 1034 2738 V
1032 2672 1098 2738 itiis
1116 2675 1188 2739 Ser·

145 2757 257 2822 raonis.
280 2765 303 2798 “
314 2759 468 2824 Diacones
490 2769 520 2823 et
542 2758 719 2823 diaconibus
741 2759 889 2826 crebrum
909 2774 958 2824 est
977 2759 1190 2846 scriptoribus

145 2849 169 2882 “
185 2843 408 2910 ecclesiasticis
432 2845 530 2910 etiam
559 2845 710 2932 antiquis.
753 2844 816 2909 Sed
840 2844 901 2909 lios
927 2845 1053 2931 pietatis
1078 2846 1187 2931 potius

145 2928 169 2969 ‘'‘
184 2928 341 2996 habemus
357 2930 530 3017 magistros
544 2954 643 3018 quam
657 2930 851 2995 Latinitatis.
887 2928 1108 3017 Elegantiores
1123 2932 1188 3018 igi·

145 3019 171 3054 “
186 3028 240 3081 tur
268 3038 394 3104 semper
423 3016 569 3082 diaconus
596 3015 719 3095 dicunt,
748 3030 784 3081 ut
813 3018 928 3081 Graece
957 3031 1005 3082 est
1033 3017 1187 3093 ὃιᾶκονος.”

146 3100 224 3166 Lib.
245 3097 268 3166 i.
293 3124 363 3190 cap.
383 3117 432 3167 20.
453 3125 486 3190 p.
506 3116 556 3167 82.
586 3100 803 3167 Tertullianus
827 3124 901 3166 vero
927 3102 1110 3200 Cyprianus
1134 3125 1187 3184 ue,

147 3186 237 3274 quod
259 3209 324 3274 ego
346 3189 557 3268 meminerim,
579 3189 645 3252 fere
668 3209 793 3274 semper
816 3188 936 3252 habent
955 3188 1089 3269 draconi,
1107 3126 1187 3256 dum

144 3295 209 3353 res,
224 3273 339 3354 fateor,
355 3296 389 3338 se
409 3274 500 3344 aliter
517 3273 615 3338 habet
634 3273 667 3337 in
689 3273 897 3359 epistolarum
919 3272 1186 3371 Cyprianicarum

146 3357 410 3445 inscriptionibus,
421 3373 454 3424 et
466 3359 521 3424 ubi
536 3372 642 3424 narrat
655 3358 834 3446 Cyprianus
849 3360 882 3424 in
895 3358 1043 3444 Epistola
1054 3360 1097 3425 o'd
1108 3361 1186 3426 Suc-

146 3466 276 3526 cessum,
291 3468 364 3532 quae
379 3460 428 3510 est
446 3444 549 3530 Epist.
565 3459 614 3510 80.
629 3443 679 3508 vel
694 3457 743 3510 82.
763 3443 961 3510 Valerianum
977 3446 1057 3531 Irnp.
1078 3447 1120 3512 ad
1138 3470 1186 3512 se·
1209 3487 1211 3492 .

145 3541 259 3617 natum
275 3530 474 3617 rescripsisse,
488 3542 524 3595 ut
538 3529 670 3616 episcopi
689 3540 719 3594 et
738 3529 912 3618 presbyteri
926 3541 956 3596 et
971 3532 1121 3599 diacones
1137 3533 1187 3600 in·

148 3616 321 3682 continenti
334 3617 635 3682 artimadvertantar.
670 3616 767 3681 Unde
778 3616 902 3682 videtur
917 3640 1036 3683 nornen
1047 3617 1188 3687 diacones

144 3703 347 3790 eotempore
359 3703 557 3791 usitatiusac
569 3702 727 3851 vulqatius
743 3703 852 3767 fuisse.
876 3701 974 3769 Conf.
986 3724 1187 3793 suprap.91.

163 3790 169 3871 j
192 3787 383 3866 1bid.1.27.
405 3789 438 3853 in
461 3788 561 3854 domo
583 3788 626 3852 Sa
639 3789 778 3873 omanis]
805 3789 858 3853 Sic
880 3789 1055 3876 legendum
1078 3808 1188 3862 monet

145 3873 328 3958 walkerus
351 3875 464 3962 proin
484 3874 608 3939 domurn
630 3873 664 3939 S.
701 3874 768 3972 Qui
790 3887 913 3961 septem
936 3891 1133 3942 sacramenta
1153 3879 1187 3953 in

146 3959 285 4026 ecclesia
297 3981 367 4025 esse
381 3973 538 4040 statuunt,
551 3973 589 4025 ut
604 3960 710 4024 obiter
724 3958 757 4023 rd
773 3971 894 4040 notem,
909 3961 1049 4048 plurima
1068 3962 1186 4031 horum

147 4045 401 4134 septenariorum
419 4068 625 4111 numerorum
641 4046 673 4110 in
688 4045 830 4111 medium
846 4046 952 4114 solent
965 4047 1135 4130 adducere,
1149 4065 1187 4119 ut

146 4153 219 4198 rem
232 4133 282 4197 vel
296 4133 434 4213 firment,
449 4133 497 4198 vel
511 4132 683 4198 illustrent.
904 4216 906 4218 .

191 4218 227 4282 P.
239 4230 310 4283 240.
324 4217 347 4283 l.
359 4233 390 4284 3.
413 4221 463 4284 Ut
476 4217 585 4287 Adam
599 4219 691 4282 illum
706 4216 782 4303 δια]
794 4217 990 4285 Walkerum
1001 4233 1186 4294 monentem

133 4303 243 4378 raba
263 4299 429 4383 baec'cum
449 4303 671 4394 sequentibus,
685 4303 855 4373 nativitate
864 4301 1006 4394 fibiiffsr'ri
1027 4304 1088 4375 &a
1108 4301 1201 4378 con?
1295 4388 1299 4397 ‚
