2678 4756
292 297 345 362 IN
366 296 400 362 S.
422 294 550 364 PETRI
571 295 705 363 ALEX.
728 297 1025 366 FRAGMENTA.
1109 303 1171 387 361

147 465 299 550 οημνίιοοας
311 466 356 533 οὖν
368 465 409 532 ὅτι
425 469 471 531 tn
485 473 501 546 ἦ
517 470 561 531 διὰ
574 469 676 554 Χρνςὸν
696 470 835 554 ὁμολογία
852 474 1014 556 ἄπονὰθνςᾷ
1032 471 1079 534 τον
1097 470 1175 552 ἅπαξ
1257 480 1258 484 ’

146 556 179 616 ia
197 559 245 616 τοῦ
263 554 588 638 &probarim-Sirra
607 558 652 618 διὰ
671 559 722 634 τίν
741 555 878 620 inriorem·
898 580 910 593 ··
921 557 975 621 sie
988 557 1174 643 interpretes

147 638 266 716 Grani,
280 660 384 726 neque
399 640 490 704 aliter
503 639 566 704 hoo
581 640 804 726 exponendum
822 655 882 720 eat,
895 647 942 718 vir
962 647 1082 706 ὶντεῢθνν
1101 647 1173 707 ανα-

145 723 261 803 λοίονυς,
278 747 374 811 quam
386 723 443 790 illa
456 725 594 811 apostoli
608 726 742 801 ἀνάλυσις
755 750 775 790 a
789 728 883 791 Petro
898 748 993 814 supra
1006 726 1145 793 laudata.

191 809 224 873 P.
238 823 308 874 335.
323 809 345 874 l.
356 829 388 890 9.
412 810 551 893 ἐμπαίζειν
564 812 653 895 αὐτῶ]
675 813 736 877 Pro
755 812 926 876 remotiva
947 813 1044 878 dandi
1064 834 1174 880 casum

146 892 209 958 fide
223 896 313 960 nixus
327 917 383 961 sea
396 886 531 960 ordinem
547 875 639 962 Βονίί.
654 913 687 963 et
700 896 829 983 apostoli
843 908 946 962 textas
958 900 1098 985 reposui.

534 1092 698 1170 CANON
727 1094 790 1160 XI.

191 1232 373 1301 ibid.l.1³.
395 1239 434 1300 01
454 1237 523 1321 γὰρ,
534 1243 644 1324 πρῶτον
665 1236 931 1322 προπηδήσαντες]
946 1236 1075 1303 Scilicet
1092 1238 1115 1304 ii
1134 1236 1177 1305 de

146 1321 265 1406 quibus
289 1319 486 1385 dictumest
509 1320 592 1386 Can.
613 1322 676 1385 IX.
701 1320 764 1386 hoo
785 1337 835 1387 est
855 1320 939 1387 laici.
974 1325 1175 1390 Hannone.

147 1405 378 1491 Interpretatur
394 1428 469 1471 vero
491 1419 540 1471 eat
559 1406 795 1487 Tiliemontius,
810 1408 979 1472 Memoires
994 1408 1175 1475 Ecclesiast-

145 1502 228 1554 tom.
238 1516 266 1555 v.
282 1513 356 1578 pag.
371 1505 437 1570 192.
452 1490 504 1556 ed.
518 1493 647 1556 Bruxel.
663 1492 704 1556 de
721 1493 783 1557 iilis
798 1494 854 1580 qui
870 1494 999 1558 ineunte
1012 1508 1108 1580 atque
1120 1496 1174 1559 in-

145 1576 283 1662 cipiente
297 1577 387 1664 quasi
401 1577 514 1642 ardore
529 1578 713 1655 vexationis,
726 1580 907 1664 spectaculo
926 1591 1102 1668 martyrum
1125 1581 1175 1646 in·

145 1662 244 1740 censi,
257 1683 379 1761 pugnae
393 1685 462 1726 sere
477 1665 714 1742 commiserant,
728 1684 766 1728 ne
790 1687 832 1728 ue
851 1664 970 1729 idcirco
990 1687 1010 1728 a
1031 1665 1064 1728 S.
1081 1667 1177 1732 Petro

143 1748 278 1832 culpati.
315 1747 378 1812 Sed
392 1748 497 1813 minua
512 1749 638 1813 firmum
654 1750 717 1814 hoo
731 1686 810 1814 miiri
824 1750 956 1850 quidem
969 1749 1108 1830 videtur3
1128 1766 1178 1816 at·

145 1853 211 1919 que
228 1855 269 1897 eo
283 1834 387 1920 magis
401 1856 474 1899 cum
491 1833 660 1899 Harduino
674 1836 788 1913 sentio,
800 1834 898 1899 laicos
913 1847 1037 1900 tantum
1050 1835 1099 1900 his
1110 1858 1178 1901 ver·

145 1917 196 1982 bis
210 1918 461 2004 designari‚'non
481 1919 563 1984 inter
584 1920 654 1984 haec
676 1921 819 1985 excusari
837 1921 912 1985 item
929 1920 1074 1997 clericos,
1088 1918 1179 2008 quod

145 2002 349 2069 consuetudo
361 2004 576 2069 ecclesiastica
589 2005 688 2070 laicos
701 2027 721 2070 a
734 2005 821 2072 ciero
835 2005 867 2070 in
883 2005 932 2070 hio
946 2006 1049 2070 causis
1064 2005 1178 2071 distin·

144 2104 272 2176 gueret,
287 2088 439 2177 quicquid
459 2090 500 2154 de
522 2090 591 2177 ipso
614 2090 676 2155 boc
696 2091 730 2155 S.
753 2091 845 2156 Petro
868 2089 1001 2157 clericos
1020 2090 1126 2176 lapooa
1145 2091 1178 2158 in

145 2173 315 2260 pristinum
337 2175 481 2240 ordinem
503 2175 676 2262 recipiente
697 2176 852 2263 scriptum
874 2188 961 2242 extet
987 2176 1073 2260 apud
1091 2178 1179 2264 'Epi-

169 2259 312 2339 hanium,
335 2259 458 2326 Hares.
481 2261 738 2338 Μυίοίίαννονννυο,
765 2284 797 2326 n.
817 2277 847 2327 2.
868 2277 901 2326 et
919 2276 950 2327 ³.
1000 2263 1061 2326 Pro
1083 2261 1114 2348 la
1136 2264 1181 2328 eia
1244 2337 1249 2347 .

145 2281 256 2412 iieum
268 2367 371 2427 orare,
380 2347 475 2411 etiam
492 2365 566 2411 ante
578 2340 869 2412 reconciliationem
881 2369 954 2413 cum
966 2347 1099 2412 ecclesia
1110 2285 1179 2413 iic-

145 2443 226 2510 tam‚
239 2430 301 2496 hoc
314 2431 446 2497 Canone
498 2433 647 2497 rmiaaum
660 2454 698 2497 ac
709 2454 790 2518 pene
796 2431 924 2519 jussum
937 2432 1095 2519 est,quod
1107 2434 1179 2519 qui·

147 2515 223 2580 dem
238 2516 437 2581 Balsamonis
451 2455 549 2582 iiicet
561 2518 780 2604 interpretatio
792 2523 936 2594 ς-αὒτοῖς
949 2544 980 2582 τε
993 2520 1100 2594 &otim
1112 2518 1181 2600 ἅφν·

146 2627 191 2664 σον
205 2606 290 2688 παρὰ
309 2610 357 2666 τοῦ
378 2607 442 2667 Θεέ
461 2603 650 2686 ἐξαιτήσομεν,
664 2605 685 2687 ri,
700 2607 756 2680 τοῖς
770 2603 867 2680 ἄλλοις
881 2610 937 2679 τοῖς
951 2603 1141 2683 ὲκντεπίυνκίον,
1156 2605 1178 2691 a}

145 2690 221 2768 μετὰ
234 2695 336 2767 ταῦτα,
351 2692 399 2766 τὴν
412 2689 525 2766 πλάνην
539 2689 793 2774 ἄναναλοοαμίνονς
805 2692 852 2754 καί
867 2690 1058 2775 ὀμολογῆσαυν
1070 2694 1119 2769 τὴν
1134 2694 1179 2753 rri-

145 2770 267 2850 ονὸείαν,
280 2774 542 2858 συγκοννοονῆσομον.
584 2854 585 2857 ¹

190 2858 276 2966 Ibiti.
303 2861 383 2944 ὶντξν
396 2859 558 2944 βρᾶσματν]
575 2859 744 2926 Balsamo:
766 2859 850 2946 ἤγουν
864 2862 890 2922 ὲν
903 2865 937 2946 τῇ
951 2862 1027 2946 ἀκμῇ
1042 2863 1078 2923 ri
1093 2860 1178 2946 διοίγ-

214 2970 243 3017 νς
286 2969 347 3008 eaor.

143 2967 226 3092 ΜΡ.
240 2969 311 3094 iia·
334 3030 357 3094 l.
376 3045 403 3093 1.
432 3028 624 3119 ἐμὲλίποντες]
652 3029 705 3096 Sic
731 3030 868 3118 quinque
893 3028 977 3094 codd.
1004 3028 1095 3094 Bodl.
1120 3045 1180 3115 pro
1291 3053 1293 3064 ’

144 3113 229 3179 edito
243 3115 400 3192 βλέποντος.
1202 3150 1203 3155 “

189 3200 276 3265 ibid.
289 3199 311 3264 ί.
326 3215 356 3265 2.
378 3200 593 3290 irooogopt'rer]
610 3202 687 3265 Ἀντί
705 3207 741 3263 τῦ
763 3198 961 3282 κλεπίομένους,
976 3197 1180 3280 ἀπατωμένους,

144 3285 195 3350 καί
211 3284 385 3371 ἀρνουμένους
397 3291 445 3365 τὴν
460 3285 609 3352 εὒοεὸείαν.
632 3287 707 3350 Hoc
723 3287 874 3349 Zonaras.
900 3341 901 3344 ,

191 3370 276 3435 Ibid.
299 3372 584 3458 ὑπερθερμαννίμννον]
598 3374 646 3435 Ex
659 3392 724 3436 uno
736 3370 835 3435 codice
844 3376 914 3434 625.
931 3366 1180 3434 Rowlinsonioao

144 3455 186 3519 in‘
201 3456 357 3521 Biblioth.
371 3457 546 3522 Bodleiano
567 3469 691 3522 servato
711 3456 773 3521 hoc
793 3456 960 3520 restituere
974 3454 1104 3518 verbum
1122 3476 1183 3539 pro

145 3540 231 3605 edito
258 3542 512 3629 herimannitarum
539 3564 635 3607 ausus
665 3564 763 3606 οων).-
792 3541 962 3627 Πυροιίμννον
988 3544 1038 3616 τὴν
1067 3539 1180 3626 καρδίαν

144 3626 397 3726 interpretantur
411 3629 553 3692 Zonaras
565 3639 598 3692 et
612 3626 773 3707 Balaamo,
785 3639 818 3691 et
829 3626 952 3690 incitati
963 3626 1078 3689 Latine
1089 3625 1185 3689 vertit-

147 3711 328 3796 Genttanuo
343 3714 514 3780 Hervetna.
553 3713 699 3798 Fierique
712 3726 830 3798 potest,
844 3727 881 3775 ut
895 3732 955 3775 vox
968 3710 1182 3798 ὑποθερμαινό-

144 3823 221 3878 μενον
244 3797 337 3863 alteri
357 3799 572 3885 ὑπερανρίμννον,
595 3797 804 3885 quaeatatim·
817 3811 891 3884 port
913 3796 1068 3882 sequitur,
1090 3795 1182 3882 quasi

144 3883 306 3970 ἂντίςροφος
319 3905 388 3949 ease
402 3884 555 3950 videatur.

190 3967 276 4033 Ibid.
291 3968 314 4033 l.
327 3983 359 4046 7.
380 3977 434 4033 τῶν
447 3968 582 4054 ξυςήρυν]
598 3968 703 4056 Ξυςῆρ,
717 3966 891 4034 Ηυςονίυννν.
914 3967 990 4030 Vet.
1006 3965 1115 4030 Gloss.
1145 4048 1152 4062 ·

190 4052 276 4117 Ibid.
299 4055 322 4118 l.
341 4068 371 4119 8.
400 4054 597 4138 καταφλέξας]
622 4053 675 4118 Sic
699 4074 802 4118 omnes
824 4049 989 4116 Bodleiom'
1016 4071 1075 4135 pro
1092 4049 1184 4114 edalo

147 4137 341 4219 καταφλέξας.
386 4139 480 4220 Mox,
501 4140 557 4204 nbi
578 4138 685 4225 piures
706 4147 841 4203 nurnero
860 4137 988 4201 codices
1009 4135 1102 4210 δίψους
1124 4133 1182 4199 ha·

145 4222 225 4288 beot
241 4244 300 4309 pro
314 4224 395 4289 edito
410 4224 502 4305 δίψης,
517 4239 624 4290 utrum
641 4224 774 4302 scribae,
786 4223 831 4287 nil
843 4223 950 4286 resen.

155 4350 159 4357 ·
186 4307 227 4372 P.
238 4309 347 4386 3³7.·l.
360 4323 390 4374 ³.-
415 4311 471 4375 καί·
482 4309 616 4384 &verare
636 4309 747 4396 νεκρῶν]
766 4304 1056 4381 Οοοίονυινᾶοοίνὶο
1071 4303 1186 4372 unicus
