2678 4756
268 268 320 331 IN
342 265 588 333 ANCYRANI
612 265 1082 371 CONCILH'CANONEs
1122 284 1185 353 431

146 458 228 503 nem
247 436 333 500 enirn
352 435 398 499 ita
417 434 652 521 interpretatur,
667 458 704 501 oc
719 436 746 501 si
760 435 813 501 hic
829 435 1075 523 Chorepiscopis
1090 437 1188 502 inter·

147 524 315 587 diceretur
343 521 546 608 Presbyteros
571 523 668 586 etism
695 523 727 586 in
755 524 833 586 urbe
855 522 961 609 aliqua
982 523 1187 588 constituere.

149 614 207 687 Μὴ
227 613 321 686 &frisso
344 610 436 680 αὐτοῖς
458 605 643 695 πρεσὸὗτερον
663 608 678 686 ἢ
699 608 817 671 διάκονον
836 613 1010 694 χειροτονεῖν,
1024 613 1103 672 ἀλλὰ
1120 612 1188 691 μηδὲ

150 693 359 781 σρισέυτέρονς
374 697 400 755 ἐν
414 694 498 756 πόλει
512 700 644 780 καθνςᾴν.
681 696 776 758 Hanc
791 708 898 758 autern
914 695 1083 758 lectionem
1099 718 1187 760 erro-

151 803 249 847 neam
265 801 333 844 esse
348 792 437 842 extra
451 779 586 844 dubium
601 794 661 844 est.
690 781 778 844 Nam
792 780 823 843 in
838 781 941 866 prima
954 781 1084 845 canonis
1099 795 1189 867 parte

152 868 291 933 vetitum
303 878 352 928 est
365 864 611 951 Chorepiscopis
629 866 836 952 presbyteros
847 867 879 928 in
890 888 1008 951 genere
1021 866 1189 946 ordinare3

153 953 296 1038 ideoque
318 972 381 1014 non
400 972 481 1036 opus
497 951 568 1028 tuit,
585 966 621 1015 ut
640 951 680 1015 de
704 951 899 1038 Presbyteris
920 952 1049 1015 urbanis
1069 954 1191 1019 mentio

156 1040 269 1105 fieret:
294 1053 327 1101 et
349 1052 503 1122 praetereo
517 1037 543 1099 si
558 1058 615 1101 nec
631 1038 756 1101 vicanos
776 1037 980 1125 Presbyteros
995 1037 1191 1105 constituere

154 1139 318 1213 poterant,
339 1121 443 1185 multo
464 1143 517 1186 ma
543 1122 569 1186 ‘s
593 1122 731 1187 urbanos
756 1122 903 1186 ordinare
924 1121 961 1186 iis
983 1145 1047 1187 non
1068 1123 1189 1189 liceret.

154 1211 234 1276 Alia
255 1210 362 1295 itaque
376 1144 556 1358 &uerendi
576 1222 626 1272 est
647 1208 754 1273 lectio.
799 1210 841 1272 Et
861 1207 991 1296 quidem
1009 1208 1041 1272 in
1059 1209 1192 1276 Joannis

154 1294 354 1363 Antiocheni

154 1382 255 1469 sipoto,
271 1393 376 1451 totum
392 1380 477 1442 enirn
493 1401 649 1443 canonem
664 1380 709 1445 sic
723 1380 816 1466 legit,
828 1378 1047 1465 χωρενησκόνννς
1065 1384 1104 1463 μὴ
1120 1384 1191 1460 ἐξεῖ-

155 1493 204 1548 ron
217 1463 419 1553 σρεσέντέρονς
434 1463 449 1542 ἢ
464 1465 599 1539 διακόνους
609 1470 783 1551 χειροτονεῖν,
797 1469 877 1529 ἀλλὰ
889 1469 943 1548 μὴν
956 1466 1023 1548 μηδὲ
1038 1465 1191 1553 specimi-

155 1579 215 1642 pots
228 1552 349 1629 πόλεως,
363 1551 452 1636 χωρὶς
464 1557 513 1613 τοῦ
533 1556 707 1636 ἐπντραπῆνσν
721 1553 770 1615 ὑπὸ
784 1558 833 1615 rori
847 1550 993 1615 horninur
1007 1556 1081 1633 μετὰ
1094 1579 1193 1641 γραμ-

155 1639 258 1722 μάτων
279 1641 306 1700 ἐν
325 1637 410 1723 ἐκίνςῃ
431 1636 580 1724 παροικίᾳ.
602 1638 697 1702 Joan.
713 1637 868 1703 Antioch.
884 1636 969 1702 Coll.
984 1638 1064 1703 Can.
1078 1639 1129 1703 tit.
1142 1654 1193 1706 21.

157 1725 216 1790 Sic
236 1724 332 1787 etiam
355 1737 444 1786 vetus
464 1722 619 1810 interpres
641 1722 774 1787 Latinus
793 1723 879 1809 opud
896 1723 1024 1789 Justell.
1038 1725 1194 1793 Biblioth.

157 1833 197 1897 p.
207 1821 277 1888 279.
291 1831 363 1873 can.
379 1821 425 1872 12.
441 1807 556 1894 legisse
576 1808 709 1887 videtur,
727 1809 820 1896 cujus
841 1808 942 1873 versio
963 1809 1009 1872 sic
1030 1830 1064 1874 se
1086 1811 1194 1891 habet,

161 1893 393 1980 corepiscopis
406 1915 468 1958 non
483 1893 574 1958 licere
588 1892 785 1980 Presbyteros
800 1905 855 1958 ont
867 1893 1021 1958 Diaconos
1035 1894 1195 1977 ordinare,-

159 1980 216 2047 scd
237 2002 334 2066 neque
354 1979 545 2077 Presbyteris
564 1979 701 2044 civitatis
719 1979 786 2044 sine
798 1977 938 2065 jussione
951 1978 1121 2067 Episcopi3
1142 1982 1196 2047 sod

159 2089 233 2130 mom
247 2065 355 2130 iisdem
371 2064 471 2130 literis
484 2063 577 2129 modi
595 2065 637 2130 ad
656 2064 798 2153 singutas
815 2063 980 2146 poroecias.
1024 2067 1112 2154 Quid
1134 2068 1195 2134 sibi

160 2152 239 2217 relit
246 2173 303 2253 per
315 2151 429 2216 ultima
441 2151 537 2215 verba
551 2174 603 2216 me
617 2151 715 2237 fugit.
736 2151 914 2240 Dionysius
927 2151 1071 2238 Exiguus
1083 2153 1197 2221 Graeca

160 2238 225 2312 ists
245 2260 278 2302 ur
299 2237 431 2302 Joannis
453 2236 647 2303 Antiocheni
670 2236 870 2302 Collectione
893 2236 987 2301 verbs
1010 2238 1128 2304 rectius
1149 2238 1197 2306 sic

157 2323 269 2402 vertit,
282 2322 510 2407 Chorepiscopis
523 2346 583 2388 non
598 2321 689 2388 licere
699 2321 896 2410 Presbyteros
909 2332 964 2387 ant
977 2322 1131 2389 Diaconos
1144 2348 1195 2391 or-

162 2407 283 2489 dinare,
298 2408 352 2473 sed
363 2430 418 2473 nec
433 2407 624 2496 Presbyteris
638 2407 786 2488 civitatis,
801 2407 866 2473 sine
878 2406 1031 2494 proecepto
1048 2408 1197 2499 Episcopo·

161 2492 341 2574 militetis,
356 2495 390 2559 in
406 2516 533 2581 unoquo
555 2517 592 2559 ne
608 2493 767 2581 parochia.
812 2493 876 2559 Sed
896 2493 967 2559 haec
987 2493 1084 2560 lectio
1104 2518 1197 2585 seque

163 2579 320 2645 mendoso
333 2593 395 2660 est,
408 2595 442 2646 at
465 2602 504 2644 ue
550 2594 639 2660 ters3
658 2594 772 2667 utpote
781 2578 876 2668 juxta
889 2602 986 2668 quam
1003 2581 1198 2671 Presbyteris

163 2665 296 2730 urbanis
317 2665 428 2731 liceret
475 2667 657 2766 resbyteros
678 2679 712 2731 et
733 2667 898 2731 Diaconos
918 2665 1077 2747 ordinere,
1098 2668 1199 2736 modo

164 2751 345 2838 Episcopus
360 2772 422 2827 eos
439 2753 583 2838 jusserit,
598 2752 685 2840 quod
703 2752 878 2818 absurdum
892 2764 953 2831 est,
967 2765 1001 2818 et
1015 2753 1081 2818 anti
1105 2753 1199 2822 uitsti

163 2836 357 2902 inauditum.
400 2837 480 2903 Quo
499 2837 600 2923 igitur
621 2859 680 2902 nos
701 2850 934 2916 convertemus,
951 2851 990 2902 ut
1010 2776 1197 2926 perpiexum

164 2920 252 2987 hunc
267 2921 476 2987 dissolvamus
489 2922 611 2988 nodum
623 2924 634 2987 1
664 2923 815 2987 Profecto
829 2921 889 2986 aJia
902 2922 1019 2988 Graeoa
1032 2923 1128 3012 hujus
1141 2948 1198 2992 ca·

163 3009 261 3073 nonis
273 3008 370 3073 lectio
387 3030 450 3072 non
464 3008 626 3094 suppetit3
647 3007 690 3072 ad
704 3007 835 3072 Latinas
848 3007 957 3094 itoque
972 3009 1131 3075 versiones
1146 3013 1199 3076 fu·
1311 3023 1313 3027 ‘

164 3094 294 3180 giemus
308 3113 436 3158 necesse
450 3108 509 3157 est.
531 3097 574 3158 Et
587 3114 662 3158 sane
678 3092 821 3157 isidorus
833 3093 999 3157 Mercator
1012 3097 1199 3194 scrupulum

165 3200 296 3265 prorsus
319 3192 457 3251 amovet,
475 3199 630 3243 canonem
654 3178 700 3243 sic
716 3191 851 3258 vertens,
873 3178 905 3244 V
904 3177 1008 3243 icariis
1029 3180 1199 3268 Episcopo·

164 3287 249 3344 runt,
263 3286 338 3414 pnos
355 3263 462 3329 Grani
479 3262 710 3350 Chorepiscopos
723 3274 843 3342 nocant,
857 3285 916 3327 non
931 3262 1021 3329 licere
1035 3266 1199 3356 Presbyte-

164 3373 220 3416 ros
232 3373 267 3415 ve
295 3349 449 3414 Diaconos
464 3349 623 3414 ordinare.-
646 3349 699 3414 sed
710 3372 767 3413 nec
778 3346 972 3434 Presbyteris
985 3351 1122 3417 civitatis
1135 3354 1206 3421 sino

166 3435 318 3522 Episcopi
334 3446 490 3521 proecepto
513 3434 649 3520 amplios
669 3434 792 3522 aliquid
811 3434 974 3519 imperare,
987 3435 1037 3500 vel
1056 3437 1123 3503 sine
1141 3461 1200 3505 uu·

167 3521 317 3591 thoritcte
346 3520 508 3586 literamm
534 3523 600 3606 ejus
629 3520 662 3585 in
689 3541 876 3609 unoquoque
903 3520 1053 3607 parociis
1079 3521 1203 3614 aliquid

167 3629 271 3694 agere.
302 3609 345 3671 Et
360 3607 423 3671 hoc
438 3629 534 3671 sensu
547 3606 742 3696 Dionysium
757 3606 817 3670 Exi
863 3627 919 3670 um
934 3607 1031 3672 etiam
1047 3607 1133 3676 hunc
1146 3633 1201 3676 ca·

167 3714 285 3757 nonem
305 3692 500 3778 concepisse,
521 3714 561 3756 ex
581 3691 738 3757 Hadriani
761 3692 787 3755 1.
838 3691 960 3778 pitome
981 3715 1139 3761 canonum
1161 3719 1202 3763 ex

166 3778 239 3864 ejus
260 3777 402 3843 versione
421 3777 557 3843 collecta
576 3791 713 3854 constat,
730 3777 776 3840 in·
801 3799 967 3842 uso-sensus
987 3779 1083 3867 hujus
1102 3803 1202 3847 cano-

167 3865 217 3929 nis
235 3863 282 3929 sic
303 3862 502 3948 exprimitur.
541 3862 753 3948 Cltorepiscopi
773 3799 993 3948 irestyrorom
1013 3865 1066 3930 nel
1083 3868 1202 3933 Diaco-

166 3971 243 4023 nront
262 3973 323 4015 non
340 3949 493 4024 ordinent,
509 3969 564 4013 nec
580 3946 746 4034 Presbyter
765 3946 889 4034 aliquid
908 3961 984 4037 agot
1001 3949 1036 4015 in
1037 3953 1202 4099 cparochio

167 4035 234 4103 sine
251 4046 404 4119 praeoepro
424 4033 584 4118 Episcopi.
613 4035 709 4098 Extat
731 4033 800 4097 haec
821 4055 839 4097 e
863 4034 962 4099 itome
983 4035 1016 4098 in
1068 4038 1203 4104 oncilio-

168 4142 241 4185 rum
258 4135 337 4185 tom.
351 4120 394 4183 iii.
410 4133 492 4205 part.
505 4120 526 4183 i.
542 4132 619 4183 sect.
635 4133 662 4182 1.
701 4131 791 4183 ‚428.
853 4118 889 4183 it.
910 4119 1027 4184 Colon.
1048 4144 1100 4186 sn.
1116 4129 1203 4190 1618.

167 4205 223 4271 Sic
237 4205 334 4268 etiam
348 4204 535 4290 Fulgentius
547 4206 661 4271 Ferran
685 4225 723 4269 us
733 4205 900 4269 Diaconos
913 4205 1204 4294 Carthaginiensisr

166 4290 319 4380 Dionysii
346 4289 463 4376 Exigui
487 4311 615 4377 suppar,
641 4289 676 4355 in
700 4288 894 4359 breviatione
922 4290 1112 4381 (lenonum,
1132 4294 1208 4360 uiti·
1262 4318 1338 4480 Ι

405 1293 576 1358 ollectione
596 1315 655 1380 pro
674 1292 878 1382 πρνσὸντέρονς
898 1293 1047 1359 scribitur
1062 1293 1191 1381 operio·
