2678 4756
392 309 445 374 m
464 303 694 375 concrum
718 305 953 375 cnnmnu.
1135 328 1194 391 ψ

148 466 263 545 autiu'r
274 476 467 545 eucharistia
478 492 528 546 est
537 478 785 565 undebaptizati
793 492 973 565 unguntur,
984 476 1093 543 oleum
1103 478 1137 544 in
1148 479 1196 547 al-

148 563 214 629 tari
232 564 480 630 sanctificatum.
525 565 579 629 Sic
600 565 795 650 persuadent
811 564 1015 664 exemplaria.
1059 565 1147 629 Nam
1163 566 1196 629 in

151 648 344 715 corbeiensi
357 650 489 736 legitur,
506 649 605 715 Porro
621 662 727 715 autem
743 649 937 715 eucharistia
947 663 998 714 est
1014 650 1099 713 unde
1113 651 1195 736 bep-

150 734 244 800 tiaati
257 747 424 824 unguntur
436 736 512 801 oleo
525 735 557 800 in
568 736 663 801 altari
677 735 897 801 sanctificato:
919 737 959 799 In
970 736 1150 801 Veronensi
1160 748 1195 800 et

149 818 321 900 Thuaneo,
343 822 429 887 sicut
449 821 484 887 in
505 821 697 887 Manutiana
715 821 867 887 editione.
902 823 1070 906 Perperam
1087 821 1199 888 Graeci

149 905 239 1055 apud
255 908 339 972 Zon.
356 921 389 972 et
404 908 491 972 Bals.
505 907 668 993 ἁγιάζεθαι
683 905 775 970 ἔλαιον
791 911 827 981 εἰς
842 907 1018 995 εὔχαριςίαν.
1050 907 1097 970 At
1110 927 1195 993 prae·

148 1012 169 1055 e
182 1012 238 1056 are
252 991 435 1078 Cyprianus
450 993 586 1071 dixerat,
608 991 829 1057 eucharistiam
845 1015 909 1057 esse
930 989 1030 1057 oleum
1047 992 1079 1055 in
1096 992 1196 1059 ulturi

147 1075 393 1162 sanctificatum.
437 1078 557 1143 Oleum
579 1077 704 1143 scilicet
725 1099 781 1163 per
803 1077 929 1157 ἔντευξιν,
952 1077 1015 1142 hoc
1029 1090 1080 1141 est
1095 1077 1195 1142 inter-

147 1161 358 1248 pellationem
380 1164 444 1229 sive
468 1163 704 1229 invocationem
722 1163 819 1228 divini
838 1162 990 1241 numinis,
1005 1184 1063 1248 per
1083 1162 1196 1227 laudes

149 1261 184 1313 et
196 1248 317 1334 gratias
329 1249 403 1314 Deo
418 1250 505 1314 fusas
520 1263 554 1313 et
566 1264 766 1334 nuncupatas
778 1249 998 1313 benedictum.
1037 1249 1091 1312 Sic
1102 1250 1194 1313 Mat-

148 1333 258 1399 thaeus
273 1348 307 1398 et
322 1335 456 1399 Marcus
466 1348 500 1400 et
511 1335 652 1399 Joannes
666 1334 892 1400 eucharistiam
904 1333 1053 1398 dixerunt
1067 1333 1196 1420 eulogi·

147 1439 216 1497 am,
242 1440 300 1484 nee
324 1432 451 1485 tantum
472 1421 504 1485 in
524 1442 626 1484 coenae
647 1421 829 1485 Dominicae
852 1419 1064 1498 institutione,
1083 1442 1195 1486 verum

147 1503 249 1569 etiam
270 1503 305 1569 in
327 1526 445 1590 panum
469 1505 750 1591 multiplicatione.
794 1505 894 1593 Quod
918 1506 1194 1590 Evangelistarum

147 1589 254 1654 uerbis
269 1604 418 1655 accurate
433 1591 559 1655 collatis
576 1591 670 1655 facile
685 1590 948 1677 deprehenditur.
972 1592 1191 1658 Rrsntrrus

147 1694 168 1737 a
193 1674 284 1739 Fello
306 1675 432 1741 allatus.
479 1678 577 1740 Porro
591 1677 769 1741 observare
793 1676 1062 1763 operaepretium
1085 1677 1194 1754 fuerit,

147 1760 239 1846 quod
260 1762 414 1826 Erasmus
439 1773 473 1825 et
496 1761 656 1826 Pamelius
681 1763 919 1827 considerantes
946 1761 978 1826 in
1004 1761 1102 1848 hujus
1128 1763 1193 1829 loci

147 1845 357 1912 conclusione
370 1846 570 1933 Cyprianum
588 1847 739 1912 distinete
757 1848 847 1933 loqui
870 1847 910 1912 de
933 1847 1007 1910 oleo
1027 1861 1060 1911 et
1073 1847 1195 1912 eucha-

146 1929 250 2010 ristia,
278 1944 316 1997 ut
339 1944 374 1996 et
399 1932 622 2018 Augustinum
645 1944 844 2018 argumenta
858 1933 929 2020 ejus
951 1933 1126 1998 solventem
1152 1933 1193 1997 de

147 2015 241 2100 bapt.
263 2031 352 2083 cont.
373 2016 496 2083 Donat.
514 2018 572 2082 lib.
582 2043 610 2082 v.
626 2040 698 2118 cap.
706 2032 757 2084 20.
773 2018 917 2104 nihilque
934 2016 1051 2083 debere
1069 2039 1138 2082 esse
1160 2018 1194 2082 in

144 2100 357 2167 conclusione
379 2102 469 2188 quod
490 2125 556 2168 non
577 2117 646 2168 erat
668 2128 701 2168 rn
723 2103 916 2190 praernissis3
939 2113 1194 2189 pestringuntur

147 2198 365 2272 reposuerunt
379 2199 410 2252 et
424 2211 483 2274 pro
496 2199 567 2266 θεῖς
589 2201 623 2253 et
644 2189 858 2275 sanctificatur
875 2210 935 2274 pro
951 2188 1191 2274 sanctificatum.

147 2273 228 2337 Non
253 2272 392 2337 absurde
414 2274 447 2337 id
469 2274 614 2360 quidem,
637 2276 664 2338 si
690 2275 723 2338 id
740 2276 797 2361 jus
820 2273 974 2339 haberent
995 2273 1135 2339 editores
1157 2288 1196 2341 ut
1229 2304 1233 2313 ¹

146 2357 240 2443 quod
254 2359 331 2444 ipsis
346 2381 411 2423 non
426 2360 586 2445 placebat,
607 2361 778 2425 emendare
792 2360 935 2425 licuisset
944 2384 954 2439 3
976 2374 1033 2424 aut
1049 2361 1075 2425 si
1090 2360 1124 2424 in
1139 2383 1193 2425 ar-

145 2446 297 2527 gumenti
312 2444 530 2524 conclusione,
550 2445 660 2511 oleum
681 2460 715 2510 et
735 2446 930 2511 eucharistia
951 2446 1110 2531 disparate
1129 2448 1193 2516 sint

145 2528 371 2615 intelligenda.
395 2531 516 2595 Verum
526 2530 805 2616 Albaspinaeusde
816 2530 998 2597 Eucharist.
1011 2531 1096 2596 lib.i.
1107 2545 1191 2598 c.14.

145 2634 205 2679 eos
215 2613 382 2680 insimulat
396 2615 551 2694 audaciae,
567 2638 604 2679 ac
619 2617 787 2682 contendit
800 2629 938 2682 veterem
954 2617 1125 2682 lectionem
1142 2639 1192 2683 re-

146 2698 313 2774 tinendam
334 2722 417 2779 esse,
439 2700 472 2765 in
492 2724 558 2787 qua
578 2722 735 2787 magnum
755 2702 948 2790 mysterium
965 2702 1027 2769 sibi
1043 2705 1127 2767 visus
1143 2715 1193 2769 est

146 2783 406 2870 deprehendisse,
421 2785 577 2886 siquidem
595 2787 703 2851 oleum
719 2810 786 2874 quo
804 2788 959 2874 baptisati
976 2789 1193 2872 ungebantur,

145 2890 258 2935 coram
292 2871 486 2936 eucharistia
516 2873 695 2937 consecrari
729 2873 872 2938 solitum.
919 2873 983 2959 Sed
1008 2873 1087 2937 nihil
1109 2896 1130 2941 o
1155 2897 1194 2940 us

146 2955 216 3020 istis
228 2957 402 3042 mysteriis,
418 2979 491 3021 vera
505 2958 588 3022 ratio
602 2973 734 3044 propter
749 2981 846 3045 quam
863 2958 1046 3046 Cyprianus
1062 2896 1192 3027 Euelle-

145 3039 270 3106 ristiam
286 3042 373 3128 apud
388 3042 558 3109 haereticos
574 3043 651 3122 fieri,
670 3056 704 3110 et
718 3045 903 3110 unctionem
920 3044 1095 3133 spiritalem
1111 3068 1192 3111 con-

101 3203 103 3207 ·
143 3125 223 3191 ferri
234 3145 344 3212 neget,
359 3149 397 3192 ea
411 3141 461 3194 est
471 3152 482 3208 3
505 3129 594 3214 quod
608 3132 769 3196 censuerit
788 3131 821 3195 in
841 3129 1036 3194 eucharistia
1055 3130 1139 3197 sicut
1158 3146 1193 3205 et

144 3210 177 3275 in
203 3211 290 3293 oleo,
315 3214 403 3279 etin
427 3214 600 3300 baptismo,
625 3237 683 3282 nos
707 3214 783 3301 ungi
806 3215 1013 3301 spiritualiter
1037 3217 1193 3302 sanguine

144 3294 283 3376 Christi,
298 3299 588 3386 eucharistiamque
610 3301 762 3387 perficere
780 3315 813 3366 et
827 3300 991 3386 complere
1007 3301 1095 3384 quod
1110 3301 1191 3388 bap·
1297 3349 1301 3357 .

145 3382 264 3448 tismus
286 3394 320 3447 et
340 3384 449 3449 oleum
472 3385 536 3450 hoc
558 3401 707 3485 respectu
729 3386 945 3450 inchoassent.
989 3386 1065 3450 Hoc
1080 3401 1190 3453 autem

144 3466 192 3531 sic
216 3467 392 3549 intellecto,
414 3470 487 3557 quis
507 3493 583 3536 eum
606 3495 638 3535 m
661 3472 822 3537 unctionis
836 3470 986 3557 spiritalis
999 3472 1192 3558 quaestione,

143 3553 359 3621 Eucharistiae
375 3555 566 3643 mysterium
581 3557 741 3623 adducere
755 3558 945 3622 mirabitur?
975 3556 1074 3622 Certe
1088 3559 1190 3645 parti·

144 3637 342 3724 cipationem
357 3642 522 3728 sanguinis
535 3640 657 3707 Christi
671 3642 704 3707 in
718 3641 921 3708 Eucharistia
934 3640 1070 3710 Veteres
1084 3644 1190 3710 uncti·

144 3743 242 3789 ouem
265 3723 425 3793 dicebant.
450 3726 557 3792 Clem.
573 3727 669 3793 Alex.
684 3728 718 3791 in
735 3727 864 3813 Paedsg.
879 3727 901 3791 l.
915 3728 949 3794 ii.
961 3749 990 3795 c.
1001 3743 1032 3793 2.
1055 3730 1144 3794 tants
1158 3730 1190 3796 sl

144 3807 221 3890 αἷμα
233 3813 271 3873 τῦ
285 3809 378 3895 auple.
400 3813 433 3874 ri
442 3813 493 3894 μὲν
507 3811 565 3898 γάρ
579 3815 634 3886 iere
649 3815 722 3877 αὒτέ
735 3816 879 3899 cupressis,
893 3809 915 3898 qi
927 3818 975 3889 τῆς
989 3819 1093 3900 φθορᾶς
1104 3828 1191 3881 hehe·

144 3918 165 3956 't
190 3893 292 3977 ‘utha‘
307 3898 341 3959 τὸ
357 3897 384 3958 δὲ
398 3899 601 3976 πνευματικὸν,
615 3897 726 3969 readers
739 3895 762 3986 ᾧ
774 3898 967 3983 κεχρὶσμεθα.
989 3900 1191 3965 Nazianzen.

179 3991 303 4045 ranst.
329 3983 461 4069 μυςήςιω
483 3982 580 4068 ἔχρισέ
600 4011 648 4066 με.
676 3982 849 4069 Chrysost.
867 3984 905 4047 'in
925 3982 1030 4070 Epist.
1045 3985 1087 4049 ad
1102 3986 1191 4052 Heb.

146 4061 246 4129 Rom.
258 4065 333 4131 xvii.
358 4067 437 4154 μόρῳ
457 4066 597 4156 xpiane}
620 4069 714 4135 oeus
738 4068 870 4143 δυσωδίας
892 4072 1031 4155 adspui„
1058 4071 1189 4150 Revela,

144 4150 427 4235 quemadmodum
449 4152 614 4220 Dominus
638 4167 786 4234 testatur,
811 4155 898 4221 Mat.
917 4153 1005 4221 xxiii.
1023 4168 1070 4232 19.
1091 4155 1192 4229 altare

144 4235 325 4303 auctificat
339 4259 458 4310 munus
472 4238 560 4327 quod
573 4239 919 4329 superimponitur,ita
929 4239 986 4327 qui
996 4260 1061 4305 non
1073 4237 1193 4316 habeut
1278 4260 1286 4274 s
