2678 4756
221 296 265 379 a,
489 297 999 369 nsurourssscnn,
1062 251 1064 257 ¹
1144 286 1152 321 ¹

221 476 326 546 eram,
342 465 488 554 quoniam
504 468 560 556 qui
576 469 656 534 tolio
670 481 770 557 agant
784 480 883 534 morte
901 480 974 535 sunt
995 468 1096 559 digai,
1108 481 1265 539 soalon·

222 586 291 642 mm
316 575 371 665 qai
383 577 517 662 fociant
539 601 587 658 aa,
609 580 663 643 sed
687 590 718 645 et
745 579 801 666 qui
825 580 1019 644 consentiunt
1044 579 1168 667 eisqui
1195 570 1267 649 dces

220 695 341 779 agunt:
364 686 510 773 quoniam
530 689 585 774 qai
605 688 696 767 tolio,
710 688 824 776 inquit,
838 699 948 776 agnat,
962 699 1061 754 morte
1074 699 1146 755 suat
1160 688 1264 777 digni.

220 794 413 863 Manifestat
433 810 467 862 et
489 799 681 884 comprobat
694 812 801 864 morte
814 797 931 885 dignos
944 819 1013 863 esse
1027 811 1062 863 et
1074 797 1117 863 ad
1131 819 1264 884 poeuam

220 905 338 984 venire,
353 928 419 971 non
437 918 565 972 tantum
582 908 655 972 illos
676 907 730 994 qui
753 906 839 975 mala
860 907 993 987 faciunt,
1008 907 1065 973 ssd
1085 907 1185 974 etiam
1205 925 1290 987 eost

219 1014 277 1104 qui
291 1015 369 1081 talia
382 1017 553 1102 agentibus
566 1016 784 1096 consentiunt,
797 1016 852 1102 qui
868 1015 946 1080 dum
961 1015 1054 1083 malis
1066 1030 1100 1082 et
1113 1028 1264 1103 peccato-
1278 1093 1282 1103 ,

219 1124 308 1190 ribus
329 1136 363 1189 et
381 1125 604 1211 poenitcntiam
628 1148 693 1190 non
715 1126 888 1212 agentibus
908 1124 1021 1191 illicita
1039 1125 1263 1195 communica-

218 1233 307 1299 tionc
333 1232 520 1312 miscentur,
546 1235 732 1300 nocentium
758 1233 976 1299 contractibus
1003 1234 1207 1321 polluuntur,
1228 1247 1264 1301 et

218 1341 297 1413 dum
321 1343 508 1432 junguntur
530 1343 564 1409 in
590 1343 697 1443 culpa,
722 1344 768 1408 sic
795 1364 854 1408 nec
882 1343 915 1407 in
941 1364 1038 1430 poena
1063 1355 1262 1431 separantur.

218 1451 353 1540 Propter
367 1452 457 1540 quod
470 1453 663 1540 integritatis
678 1465 711 1517 et
728 1452 799 1517 fidei
814 1465 924 1517 vestrae
939 1452 1122 1539 religiosam
1139 1452 1262 1518 sollici·
1274 1468 1307 1518 lo

217 1560 377 1641 tudinem,
391 1562 506 1627 fratres
520 1561 729 1642 dilectissimi,
743 1573 777 1627 et
797 1560 967 1627 laudamus
986 1561 1106 1648 pariter
1124 1573 1160 1628 st
1181 1583 1262 1650 pro-

216 1670 354 1750 bamus3
371 1684 406 1737 et
420 1684 576 1759 quantum
593 1693 766 1758 possumus
781 1670 991 1736 adhortamur
1003 1671 1118 1738 litteris
1130 1663 1262 1751 nostris,

217 1785 327 1846 nevos
342 1802 417 1846 cum
431 1780 604 1869 prophanis
626 1795 661 1848 et
678 1781 847 1847 maculatis
869 1779 1090 1847 sacerdotibus
1107 1803 1261 1847 commu÷

217 1888 377 1954 nicatione
398 1889 554 1977 sacrilega
575 1888 748 1969 misceatis,
773 1888 830 1954 sed
853 1889 1013 1976 integram
1041 1905 1074 1955 et
1100 1889 1259 1971 sinceram

216 1995 290 2064 fidei
313 2011 424 2064 vestrae
450 1999 634 2066 firmitatem
659 1999 813 2086 religioso
839 1998 956 2064 timore
983 1999 1121 2066 servetis.
1168 2000 1301 2088 Optors

214 2112 283 2193 vos,
298 2113 411 2179 fratres
426 2113 593 2196 carissimi,
607 2133 734 2201 semper
747 2113 830 2178 bene
845 2111 959 2178 valere.

507 2356 510 2362 .
554 2331 914 2372 *a

254 2503 624 2565 cnaruammsnsa
645 2503 883 2564 CONCILIUM
904 2505 982 2564 sus
1004 2459 1220 2566 crasiano

630 2617 840 2685 culusum,

509 2759 769 2814 DEvBAPTISMO
788 2758 956 2827 PRIMUM,
1029 2775 1032 2779 ’

351 2895 442 2957 suno
458 2913 536 2956 poss
551 2913 724 2957 crimmum
740 2913 859 2957 uarum
874 2907 931 2958 255
948 2915 1115 2960 naamon.
1263 2917 1298 2970 κο

214 3057 370 3147 Synodion
388 3059 456 3124 liceo
474 3058 623 3145 Epistola
639 3058 682 3124 od
702 3058 866 3123 Numidica
887 3058 1065 3145 Episcopus,
1084 3058 1167 3126 inter
1189 3061 1254 3149 cy-

251 3167 360 3253 priani
374 3167 536 3253 Epistolos
550 3179 597 3234 est
613 3189 701 3234 sxn.
715 3179 745 3232 ct
765 3168 808 3231 od
824 3183 901 3254 pag.
920 3183 987 3233 124.
1008 3170 1082 3235 edit.
1102 3170 1256 3235 Benedic-

256 3277 333 3343 tiaoe
346 3288 447 3344 extat.

256 3412 451 3499 Cyprianus,
471 3411 639 3492 Liberalis,
661 3410 850 3490 Caldonius,
870 3412 999 3490 Junius,
1021 3411 1159 3492 Primus,
1180 3412 1255 3479 cas-

211 3521 316 3601 cilius,
337 3522 546 3608 Polycarpus',
566 3520 777 3600 Nicomedes,
792 3520 892 3603 Felix,
911 3521 1100 3600 Marrutius,
1115 3522 1298 3599 Succes³2s

212 3653 278 3710 sus,
297 3629 472 3709 Lucianus,
496 3631 696 3710 Honoratus,
718 3632 925 3709 Fortunatus,
946 3631 1072 3710 Victor,
1091 3631 1257 3713 Donatus,

211 3740 345 3818 Lucius,
357 3739 572 3819 Herculanus,
589 3740 797 3825 Pomponius,
811 3739 1010 3823 Demetrias,
1024 3739 1181 3829 Quintus,
1195 3742 1257 3807 Sa·

211 3848 372 3929 tuminus',
387 3849 532 3927 Marcus,
547 3848 629 3915 alius
649 3848 851 3929 Saturninus,
866 3850 949 3917 alius
963 3850 1127 3929 Donatus,
1143 3851 1257 3937 Roga·

210 3956 330 4037 tianus,
353 3957 503 4037 Sedatus,
525 3959 698 4038 Tertullus,
722 3959 970 4040 Hortensianus,
991 3959 1070 4026 item
1091 3959 1175 4026 alius
1196 3961 1258 4025 Sa·

210 4065 347 4146 turnius,
372 4067 492 4132 Sattius
521 4068 686 4148 lanuario,
710 4068 895 4148 Saturnino,
924 4069 1086 4161 Masimo,
1112 4070 1301 4150 Victorino

210 4175 274 4242 alio
294 4175 433 4257 Victori,
456 4175 581 4262 Cassio,
604 4176 753 4258 Proculo,
777 4178 949 4259 Modiano,
973 4177 1111 4260 Cissim,
1133 4179 1257 4268 Gargi·
