2678 4756
238 279 303 364 246
576 276 940 349 ANNOTATIONES

238 453 350 540 Atque
365 450 441 516 artis
454 450 589 538 picturae
604 453 813 537 professores,
830 449 909 517 dum
924 449 1195 604 evangelistarum
1208 433 1281 552 pin·

237 541 360 639 gebant
375 538 507 625 effigies,
523 537 673 603 animalia
687 539 800 604 eadem
821 537 913 625 quasi
930 560 1002 626 sym
1026 538 1081 603 ola
1102 537 1168 605 sive
1190 560 1282 627 signa

233 638 330 716 Juxta
341 647 397 689 eos
407 647 527 712 ponere
538 625 626 692 soliti
636 639 723 690 suut.
748 626 855 691 Immo
867 625 1010 691 Irenaeus
1019 624 1079 690 lib.
1089 624 1137 690 iii.
1149 641 1281 724 capit.

236 711 368 798 gemina
379 723 531 790 sectatus,
542 724 681 798 quatuor
694 725 819 776 tautum
835 711 999 796 evangelia
1013 710 1137 777 idcirco
1148 723 1284 777 existere

238 809 399 885 oportere,
416 797 587 863 ostendere
608 813 658 865 est
677 811 825 863 conatus.
869 797 1073 863 Excideritne
1095 796 1183 884 apud
1203 798 1282 861 Vie-

237 884 378 950 torinum
395 906 456 948 vox
470 882 589 948 similia
625 897 676 950 ost
690 883 854 961 animalia,
868 883 936 949 viso
949 883 1075 949 Joanne
1084 883 1229 972 judiees.

281 972 317 1035 P.
328 975 398 1035 236.
414 970 437 1034 l.
449 984 499 1034 21.
523 906 714 1057 Eupiirates.
737 970 865 1055 Homo]
880 972 1005 1070 Legere
1019 969 1091 1036 vult
1100 969 1281 1036 Walkenrs

237 1066 269 1123 et
283 1056 475 1143 Euphrates.
494 1057 541 1122 Et
555 1059 680 1139 Homo,
704 1056 767 1121 Sed
783 1056 882 1143 priori
892 1055 1024 1143 quidem
1038 1056 1116 1121 loco
1127 1055 1283 1141 particula

237 1144 400 1229 superflua
415 1157 512 1222 esset,
527 1142 588 1208 etsi
602 1144 635 1208 in
650 1143 751 1209 altero
766 1141 855 1208 haud
872 1141 1062 1230 respuenda,
1107 1144 1196 1206 Mox
1211 1163 1282 1206 σοο-

238 1239 288 1296 tor
325 1251 360 1294 ro
375 1239 465 1296 autor
479 1251 519 1294 ex
532 1230 644 1310 MSto,
660 1241 812 1295 monente
827 1228 869 1293 cl.
884 1227 1024 1308 Toddio,
1037 1227 1138 1304 edidi,

281 1251 469 1398 litatae.
491 1316 615 1381 tetrade
638 1317 680 1381 ab
701 1315 823 1402 impiis]
847 1315 923 1380 MS.
946 1314 1000 1380 hic
1021 1328 1056 1379 et
1076 1314 1180 1401 paulo
1203 1312 1282 1378 infra

238 1401 391 1468 tetradem
413 1400 524 1467 habet.
571 1402 791 1467 Correxerunt
810 1414 845 1466 et
867 1399 958 1466 Cavii
975 1399 1236 1488 Apographum,
1251 1413 1282 1464 et

236 1488 427 1553 Walkerus.
469 1489 536 1574 Qut
555 1511 630 1553 vero
649 1488 714 1568 fiat,
735 1500 773 1552 ut
795 1486 1048 1574 comprehensus
1066 1508 1139 1552 esse
1152 1486 1282 1564 ,dicatur

199 1583 201 1587 '
238 1573 389 1641 Christus
409 1574 542 1654 tetrade,
560 1598 619 1640 seu
638 1586 752 1663 quarta
772 1573 863 1654 feria,
883 1573 934 1638 vix
954 1572 1137 1658 intelligere
1160 1595 1217 1637 me
1236 1573 1280 1636 fa-

237 1671 319 1727 teor.
364 1660 504 1725 Gemina
525 1674 634 1727 tamen
656 1661 754 1727 habet
774 1659 974 1748 Epiphanius
996 1659 1028 1724 in
1050 1659 1174 1744 Erpa.
1197 1657 1282 1722 Fidei

240 1742 363 1815 Cotini.
388 1748 488 1829 §.22
514 1745 658 1829 Σοοάξσις,
682 1747 799 1834 inquit,
820 1744 1014 1829 ἐσιτελάμειαρ
1033 1744 1199 1832 ταχθεῖσαδ
1220 1749 1281 1809 εἰσιν

236 1834 293 1897 art
306 1841 360 1896 τῶν
374 1829 528 1910 άποςάλων,
544 1834 655 1919 τετράδι
685 1834 694 1856 “
719 1830 951 1920 σιροσαὸὅάτοριὲ
974 1836 1115 1919 Κυριακῇ,
1129 1831 1244 1919 τετράδι
1256 1831 1281 1895 δὲ

237 1919 260 2007 ai,
280 1921 307 1983 ἐν
327 1916 523 2006 προσαάάάτορ
538 1922 565 1982 ἓν
580 1919 673 2006 aperiat
687 1917 771 1995 ιωςοδ
788 1946 822 1994 οις
836 1919 941 1998 ἐνάτης.
964 1919 1100 2006 ἐπειδήπερ
1122 1915 1282 2001 hipani-

237 2032 274 2094 σῃ
296 2005 405 2090 τετράδι
427 2007 583 2088 συνελήφθη
605 2011 618 2069 δ
642 2004 743 2093 Κύριος
768 1946 829 2071 ἕω.
873 2005 939 2070 Sed
960 2004 1001 2070 de
1023 2003 1162 2078 consilio
1184 2003 1281 2090 impin

236 2104 309 2157 tum
332 2091 412 2156 inito
432 2114 452 2156 a
469 2091 593 2157 Judaeis
611 2091 653 2156 ad
675 2113 743 2156 rern
766 2092 952 2157 sceleratam
972 2089 1177 2157 efficiendam
1192 2091 1282 2163 verba

236 2177 477 2264 interpretanda
499 2190 574 2243 sunt
586 2201 595 2257 3
623 2179 713 2243 conf.
727 2179 834 2243 Marc.
848 2178 910 2242 xiv.
927 2192 955 2241 1.
968 2199 1041 2263 quae
1056 2175 1194 2324 (puidam
1209 2176 1281 2276 Epi-

236 2264 348 2351 phauii
362 2265 468 2340 verba,
483 2277 522 2330 ut
542 2264 647 2329 obiter
668 2263 732 2329 hoc
754 2278 875 2343 notem,
897 2264 979 2337 inter¹
1000 2260 1067 2327 ὰιέιι
1084 2288 1139 2326 ora
1160 2262 1280 2348 Biblio-

237 2350 342 2416 thecae
372 2350 579 2417 Coisliniauae
615 2349 699 2414 male
734 2349 904 2415 collocavit
930 2349 972 2414 cl.
1000 2348 1280 2427 Montfaucouius,

237 2436 316 2503 Vid.
335 2435 479 2523 catalogi
495 2437 621 2502 Praefat.
636 2436 694 2501 fol.
709 2451 740 2502 3.
755 2458 843 2501 versa
856 2434 986 2536 pagina,
1001 2446 1036 2500 e't
1048 2456 1127 2521 pag.
1144 2430 1214 2501 1²12.
1229 2435 1280 2500 ubi

237 2533 392 2608 tanquam
409 2522 436 2586 si
451 2522 564 2587 eadem
580 2522 700 2588 fuerint
712 2521 896 2601 Athanasii,
911 2523 1096 2586 afferuntur.
1142 2521 1210 2586 Sed
1222 2521 1280 2601 hoc

238 2609 351 2685 misso,
376 2609 672 2694 interpretationem
699 2630 805 2673 meam
835 2609 940 2673 firmat
968 2609 1002 2672 S.
1028 2607 1115 2671 Petri
1141 2607 1279 2680 Alexan,-

238 2693 322 2759 drini
338 2693 450 2759 Canon
467 2695 611 2774 ultimus,
627 2696 683 2783 qui
698 2695 769 2777 haec
785 2694 902 2773 tradit3
917 2698 981 2758 Οὐκ
996 2692 1151 2779 ἐγκαλέσει
1166 2719 1209 2769 τις
1223 2697 1279 2776 ipis

239 2780 482 2868 οταροιτηρεριέιοις
501 2782 621 2869 τετράδα
646 2782 693 2845 καὶ
715 2783 910 2866 παρασκευὴν,
932 2784 959 2844 ἓν
979 2780 1062 2864 aisti
1085 2779 1205 2858 ιηςεάειν
1222 2783 1279 2862 ἡμῖν

239 2871 316 2930 κατὰ
338 2866 498 2955 σιαράδοσιι
521 2866 643 2953 εὐλόγως
662 2867 888 2953 προστέτακται,
905 2870 953 2944 τὴν
973 2867 1023 2949 μὲν
1042 2865 1169 2952 τετράδα
1191 2869 1234 2929 διοὶ
1249 2866 1279 2942 ri

239 2950 405 3036 συμὲούλιοι
426 2955 475 3016 tini
496 2961 550 3020 τῶν
569 2953 695 3018 Ἰεδοιίοιν
716 2955 757 3016 ἐπὶ
782 2958 815 3039 τῇ
836 2951 976 3039 ’σροδοσῖρι
989 2959 1037 3016 τοῦ
1051 2951 1169 3036 Κυρίου·
1194 2956 1241 3030 τὴν
1254 2952 1278 3015 δὲ

239 3043 423 3126 παρασκευὴν
439 3042 528 3113 διὰτὸ
543 3039 702 3118 πεπονθέναι]
716 3040 798 3103 αὐτὸν
813 3039 877 3126 ὑπὲρ
892 3046 979 3121 ἡμῶν.
1002 3042 1049 3116 τὴν
1065 3043 1124 3123 γάρ
1142 3043 1279 3122 Komaia

120 3186 122 3197 ,
236 3126 419 3215 χαρμοσύνης
433 3133 537 3213 ἡμερῶν
553 3127 612 3190 διο.
637 3126 690 3190 Sic
708 3125 821 3190 Canon
837 3123 1063 3204 restituendUS,
1078 3136 1116 3187 ut
1131 3124 1189 3189 alii
1202 3147 1279 3212 quo-

207 3275 213 3285 ,
239 3236 303 3300 que
318 3224 524 3291 monuerunt,
539 3234 579 3276 ex
592 3211 813 3276 vetustissimis
832 3211 948 3275 MStis.
993 3212 1046 3276 De
1062 3210 1280 3276 observatione

239 3321 314 3364 vero
329 3299 460 3365 tetradis
476 3312 509 3363 et
525 3320 727 3385 parasceues,
742 3297 836 3385 plura
858 3297 979 3361 ibidem
1001 3295 1043 3361 ad
1063 3296 1099 3360 S.
1116 3297 1277 3363 ΡΕοιιιιιι

240 3386 362 3451 Atax.
378 3386 510 3451 notabo.

284 3471 368 3536 Ibid.
390 3473 411 3535 1.
428 3487 478 3536 23.
504 3470 662 3536 tetradem
688 3469 732 3532 ob
759 3467 977 3555 majestatem]
1005 3466 1161 3531 tetradem
1187 3465 1281 3529 habet

241 3558 319 3707 pldS.
335 3558 427 3644 cujus
448 3558 522 3623 loeo
543 3556 669 3643 reponit
685 3554 805 3620 tetrade
821 3555 1010 3633 Walkerus,
1027 3552 1082 3617 sed
1101 3575 1169 3639 ego
1189 3562 1281 3616 tetra·

265 3653 347 3706 eet.
1177 3694 1180 3702 .

281 3689 371 3792 'Ibid.
385 3729 408 3792 l.
420 3742 469 3793 24.
493 3742 526 3794 et
539 3714 912 3814 tempora-decurrant]
929 3723 1111 3790 Delendam
1127 3747 1199 3790 esse
1213 3745 1283 3810 par·

241 3814 374 3881 ticulum
399 3825 440 3894 et,
459 3814 504 3879 ait
523 3813 714 3890 WalkeruS,
728 3824 762 3877 et
784 3833 823 3876 ex
844 3812 914 3896 ejus
937 3810 1097 3875 sententia
1118 3811 1284 3876 denirrunt

242 3922 303 3990 pro
319 3900 483 3964 decurrunt
504 3899 707 3964 scribendum
728 3912 788 3963 est.
833 3897 897 3962 Sed
919 3908 954 3961 at
976 3918 1035 3983 pro
1057 3907 1088 3960 et
1106 3897 1222 3962 malim
1240 3896 1284 3962 le·

242 4008 332 4078 gere,
348 3986 539 4050 htrmunitati
553 4007 650 4071 porro
664 4007 724 4071 pro
741 3982 956 4048 trumonitutis.
1125 4035 1143 4059 ,Α

289 4073 373 4137 Ibid.
389 4072 412 4136 l.
424 4078 474 4136 26.
495 4073 570 4137 ideo
595 4084 651 4135 aut
693 4070 876 4148 stationem,
901 4069 970 4152 aut]
995 4068 1286 4154 superpositionem

244 4160 395 4317 facimus)
417 4158 543 4226 Videsis
555 4181 640 4313 appa
665 4157 761 4243 paulo
784 4169 858 4220 ante
881 4156 924 4219 ad
945 4176 1021 4240 pag.
1035 4167 1106 4218 245.
1125 4152 1286 4219 annotavi.

244 4246 321 4341 MS.
336 4269 371 4314 re
384 4259 493 4317 arente
506 4247 555 4315 W
613 4243 658 4312 eri
672 4242 872 4331 apographo,
887 4240 951 4307 ideo
961 4251 1022 4307 out
1038 4239 1287 4329 saperetitionen

743 4398 747 4407 ¹
784 4400 792 4417 Γ
