2678 4756
291 592 914 690 ANNOTATIONES'

67 786 70 791 ’
115 821 494 910 rusucurium
524 828 770 938 suumin
799 829 1067 912 euuouus

456 1077 723 1119 -—*-—

115 1253 231 1319 Palus.
247 1250 269 1317 l.
286 1270 312 1321 r.
337 1253 521 1321 Csuouss
544 1257 693 1331 Sruoot
717 1257 959 1342 Aucsssum]
985 1258 1104 1335 Κάνννες

65 1343 118 1413 'sir
133 1341 159 1403 ἑν
172 1340 301 1427 Ἀγκόρᾳ
314 1340 424 1404 sursus.
465 1344 560 1407 Hanc
574 1341 813 1428 inscriptionem
831 1342 944 1407 Codex
957 1343 1106 1409 Bodleia-¹

67 1445 133 1488 uus
147 1424 277 1491 exhibet
285 1451 295 1505 ;
322 1428 368 1510 (ls
383 1440 432 1490 est
446 1427 658 1501 Baroccianus
673 1443 744 1507 205,
760 1427 847 1493 haud
861 1428 1036 1494 admodum
1052 1453 1106 1494 ve-

21 1536 40 1593 '.
65 1523 188 1589 mistus,
202 1535 221 1575 a
235 1512 411 1598 Beveregio
426 1513 458 1577 in
474 1515 683 1600 sequentibus
697 1514 856 1579 adductus
867 1517 891 1592 3)
917 1515 970 1580 cui
990 1515 1104 1582 similis

63 1595 137 1658 fere
153 1612 203 1662 est
224 1599 256 1661 in
277 1599 389 1662 codice
406 1599 911 1678 Amerbachiano,videlicet,r515
928 1605 955 1664 ἐν
973 1602 1105 1689 Ἀγκόρᾳ

62 1681 179 1746 συνόδου
199 1685 306 1758 uiueres
326 1683 376 1748 κε’.
392 1683 509 1771 Synodi
523 1686 704 1772 Aneyram
717 1708 843 1749 canones
859 1701 908 1749 25.
954 1688 991 1750 In
1014 1688 1102 1751 Pari·

61 1767 164 1831 sieusi
185 1769 385 1834 Balssmonis
406 1770 545 1834 editione
566 1771 611 1834 sic
633 1771 826 1837 inscribitur.
862 1770 980 1846 Κάνοννς
1000 1781 1055 1835 τῶν
1076 1776 1104 1837 ἒν

57 1853 198 1941 Ἀγκόςᾳ
216 1856 402 1919 συνελθόντων
421 1855 566 1944 μακαρίων
585 1855 716 1940 πατέρων
734 1857 793 1920 &c
812 1857 1101 1942 (quemadmodum

57 1941 318 2026 suprapositum
334 1946 411 2018 est).
448 1943 531 2027 Quae
545 1942 640 2004 etiam
655 1941 820 2026 inscriptio
844 1954 892 2006 est
912 1941 1028 2009 horum
1046 1965 1101 2008 ca·

61 2045 190 2089 nonum
211 2026 244 2090 in
264 2026 379 2091 codice
395 2049 556 2091 canonum
571 2027 724 2097 Ecclesiae
740 2027 915 2107 universae;
938 2027 1102 2115 nisi-quod

58 2108 112 2173 ibi
133 2111 248 2177 eodem
270 2113 381 2190 modo,
397 2134 463 2198 quo
486 2112 518 2176 in
539 2112 651 2176 codice
671 2113 942 2192 Amerbachiano,
957 2113 1103 2200 incipiat,

60 2201 113 2271 τῆς
125 2198 152 2259 ἓν
164 2198 297 2286 Ἀγκῦςᾳ
307 2197 416 2262 συνόδου
430 2196 537 2272 κανόνες
550 2196 601 2262 κε’.
616 2199 734 2276 οἵτινες,
750 2198 810 2262 bec.
855 2197 1025 2263 Enimvero
1036 2199 1099 2266 ha·

59 2280 133 2345 bita
152 2295 204 2346 est
224 2283 295 2348 baec
317 2283 468 2370 Synodus
487 2307 540 2348 an.
562 2284 753 2362 Domum,
772 2305 810 2347 ac
830 2283 965 2370 proinde
987 2284 1100 2351 decem

60 2366 132 2431 fere
145 2369 237 2433 annis
250 2385 325 2434 ante
342 2370 511 2434 Nicaenam
527 2368 664 2454 primam
680 2369 942 2435 OEcumenicam.
986 2372 1100 2458 Ancy-

61 2472 111 2530 ra,
127 2453 181 2517 ubi
197 2454 357 2519 celebrata
369 2469 430 2533 est,
444 2455 593 2539 primaria
606 2455 668 2519 fuit
681 2467 714 2519 et
728 2452 1004 2541 archiepiscopalis
1023 2459 1100 2522 urbs

58 2537 214 2618 Galatise,
229 2540 262 2605 in
280 2539 462 2605 meditullio
481 2540 622 2626 regionis
639 2540 711 2619 sita,
729 2538 791 2605 hoc
812 2542 987 2626 praesertim
1009 2541 1100 2607 Con·

57 2622 141 2689 cilio
161 2625 308 2705 celebris,
332 2646 398 2725 quo
422 2640 469 2691 16.
490 2626 632 2725 episcopi
655 2639 869 2691 convenerunt
889 2649 1001 2692 eorum
1021 2650 1099 2694 cau-
1214 2627 1216 2631 ⁴

11 2766 14 2771 i
57 2729 111 2788 ss,
135 2710 192 2797 qui
218 2712 251 2777 in
277 2712 449 2777 Maximini
475 2727 697 2798 persecutrone
720 2710 813 2797 lapsi,
838 2725 872 2777 et
895 2714 929 2778 in
954 2714 1102 2783 ecclesias

56 2797 325 2863 communionem
341 2797 440 2883 recipi
455 2797 686 2862 desiderabant.
703 2797 968 2865 stsusorus.
1006 2799 1097 2865 Cou-

10 2932 15 2936 -
54 2878 174 2947 cilium
195 2882 258 2947 boc
277 2896 374 2972 atque
388 2882 502 2948 itidem
517 2883 654 2948 alterum
670 2883 941 2962 Neocaesauiense,
956 2906 1098 2971 quorum

56 2965 235 3032 celebratio
249 2990 334 3034 anno
349 2983 423 3055 post
438 2967 605 3034 Christum
625 2983 735 3033 natum
749 2981 820 3047 314,
835 2968 884 3032 vel
903 2983 974 3049 315,
995 2971 1099 3058 assig-

56 3051 129 3115 nari
143 3053 238 3132 solet,
252 3069 327 3118 ante
344 3053 506 3141 synodum
524 3053 655 3141 quidem
675 3053 844 3119 Nieaenam
864 3054 974 3120 habita
986 3056 1097 3136 fuisse,

56 3157 136 3201 cum
151 3138 254 3204 mults
267 3139 329 3206 alia
341 3155 543 3226 argumenta,
556 3152 627 3204 tum
642 3160 717 3204 vero
732 3139 818 3205 tituli
830 3139 973 3225 ipsorum
989 3154 1096 3216 vetus·

55 3221 188 3303 tissimi,
203 3225 389 3290 ostendunt.
429 3227 539 3304 Porro,
554 3224 581 3289 si
594 3224 718 3290 subscri
741 3225 844 3291 tiones
857 3225 1096 3312 episcoporum,

56 3329 134 3405 quse
153 3309 186 3373 in
207 3311 330 3375 Latinis
351 3333 512 3375 canonum
533 3246 775 3376 collectionibus
795 3325 869 3398 post
883 3311 1019 3377 concilia
1056 3334 1095 3377 o·

16 3418 21 3425 ·
56 3405 130 3456 srtae
142 3408 227 3474 sunt,
238 3417 368 3480 prorsus
380 3408 476 3461 certae
486 3417 523 3460 ac
536 3396 634 3460 firmae
648 3395 851 3476 haberentur,
864 3395 984 3484 quodq
1008 3398 1016 3412 ⁴
1040 3419 1093 3465 ern

56 3476 100 3541 de
121 3479 184 3543 illis
206 3494 315 3566 negat,
336 3495 404 3546 tam
428 3482 515 3546 Hen.
533 3481 682 3549 Valesius
700 3482 734 3545 in
750 3480 879 3548 Euselii
896 3481 929 3546 V
925 3482 983 3561 ita,
996 3505 1092 3571 quam

54 3576 133 3628 ante
152 3580 232 3630 eum·
252 3566 442 3631 Edmundus
464 3566 630 3633 Richerius
651 3569 684 3633 in
703 3567 791 3633 Huc.
815 3567 932 3633 concil.
955 3568 1094 3636 Genero-

56 3649 149 3729 lium,
164 3650 227 3715 vol.
243 3653 269 3715 1.
282 3652 339 3716 lib.
352 3653 372 3716 i.
388 3673 459 3737 cap.
472 3667 501 3716 2.
519 3654 548 3736 ξ.
559 3664 590 3717 4.
605 3668 779 3733 constaret,
791 3653 857 3719 duo
873 3654 943 3718 haec
957 3656 1094 3723 concilia

54 3736 89 3800 iu
104 3737 293 3820 pontificatu
303 3737 417 3803 Vitalis
429 3737 625 3802 Antiocheni
638 3738 834 3818 convenisse,
845 3740 901 3826 qui
914 3740 998 3806 inter
1014 3743 1094 3809 utri·

55 3842 159 3906 usquc
180 3822 297 3906 synodi
315 3823 467 3909 praesules
489 3825 628 3908 primum
647 3824 757 3890 locum
776 3825 912 3890 obtinet.
956 3825 1015 3890 Ille
1034 3849 1093 3894 au·

53 3918 122 3971 tem
143 3906 313 3994 episcopus
329 3909 392 3973 fuit
405 3909 447 3975 ab
461 3929 546 3973 anno
559 3919 630 3974 313.
645 3910 687 3975 ad
701 3932 805 3998 usque
818 3932 870 3975 un.
883 3925 954 3990 319.
992 3911 1093 3985 Certe

51 4003 131 4055 ante
147 3991 321 4059 Nieaenum
342 3993 489 4059 habitum
509 3994 680 4060 concilium
701 4012 896 4062 successerat
913 3996 944 4061 ei
965 3996 1000 4061 S.
1017 3997 1092 4064 Phi·

46 4073 219 4162 ·logouius,
238 4092 320 4144 teste
339 4079 538 4146 Theodorito
551 4080 640 4145 Hist.
656 4081 745 4147 Eccl.
761 4081 818 4147 lib.
832 4083 853 4146 i.
868 4103 897 4146 c.
910 4095 940 4147 s.
963 4094 996 4146 et
1017 4099 1093 4171 post

53 4161 285 4248 Philogonium
304 4165 472 4246 Leontius,
486 4166 585 4232 trium
607 4165 744 4233 istorum
766 4166 977 4237 conciliorum
995 4190 1015 4234 e
1032 4191 1091 4258 pa·

100 4267 269 4317 vos-111.
567 4271 622 4317 sc
