2678 4756
145 312 215 412 310
419 317 694 410 nunrpura
720 314 922 386 sacru

150 504 250 587 quat3
271 486 362 579 quod
375 488 469 556 facile
484 489 550 570 fiet,
566 488 592 554 si
605 488 755 556 distincte
775 511 849 578 quae
868 480 1083 576 recipiuntur,
1096 499 1133 554 et
1143 488 1196 578 per'

152 629 189 674 se
209 606 401 688 scribantur,
418 621 452 671 et
474 629 540 694 quo
562 620 722 692 tempore,
742 621 776 671 et
796 627 854 692 per
875 626 972 693 quern
992 618 1129 691 recepta
1148 602 1196 669 lir-

152 717 248 798 erint,
262 731 296 782 et
313 739 378 804 quo
398 717 430 781 in
451 717 545 797 locn;
567 716 714 782 similiter
728 733 762 782 et
781 714 870 803 quod
889 715 959 780 aliis
977 728 1140 802 erogatur
1153 710 1199 782 rel

154 826 310 914 Principis
324 829 477 894 mandato
495 828 704 915 impenditur,
720 848 778 913 per
798 849 833 892 se
855 850 916 893 suo
935 826 1053 893 ordine
1074 824 1199 915 digerr-

153 949 229 1019 tur;
250 937 372 1005 ‘fidelis
388 940 430 1004 sit
444 940 497 1004 ille
512 963 619 1005 servus
639 952 672 1003 et
694 939 846 1027 prudens,
861 952 898 1004 ut
917 937 1064 1026 gaudeat
1086 938 1223 1029 Domi-5

154 1073 215 1117 nus
231 1071 309 1116 eum
329 1072 423 1139 super
444 1051 531 1116 bona
551 1074 610 1116 sua
629 1050 844 1131 constituisse,
859 1064 894 1115 et
909 1049 1086 1116 Christum
1101 1042 1200 1116 inille

152 1160 326 1250 glorificet.

197 1273 240 1337 V.
270 1273 343 1337 Nec
364 1271 470 1336 minor
487 1270 549 1336 erit
569 1270 615 1336 illi
634 1271 802 1359 diligentia
822 1285 855 1337 et
873 1294 961 1353 cura,
976 1271 1036 1360 qui
1051 1284 1201 1338 vesteset

155 1380 334 1470 imperialia
355 1381 479 1446 detinet
500 1396 699 1462 ornamenta,
714 1406 788 1471 quae
807 1383 999 1449 omniasub
1021 1383 1201 1448 certissimo

155 1492 262 1560 indice
282 1494 401 1558 habeat
420 1505 453 1558 et
474 1492 609 1559 adnotet
630 1517 703 1582 quae
725 1493 780 1558 illa
801 1493 876 1574 sint,
890 1494 1012 1582 qualia,
1029 1492 1155 1582 quibus
1173 1493 1201 1558 in
1210 1510 1242 1562 10*

155 1604 237 1670 locis
247 1602 423 1683 recondita,
436 1601 564 1690 quando
579 1624 619 1669 ea
632 1603 804 1692 acceperit,
817 1616 850 1668 et
861 1626 881 1669 a
891 1603 1025 1692 quibus,
1034 1627 1082 1669 an
1095 1626 1200 1670 macu-

154 1716 222 1784 lata
236 1716 310 1797 sint,
325 1717 373 1781 vel
391 1715 460 1781 sine
481 1716 629 1798 macula3
651 1716 707 1782 illa
726 1717 836 1782 omnia
855 1710 914 1782 sua
932 1715 1111 1804 diligentia
1129 1704 1201 1795 cou-

155 1842 270 1911 servet,
287 1850 372 1916 saepe
394 1824 545 1909 revideat,
566 1850 652 1916 saepe
673 1839 858 1917 pertractet,
879 1840 917 1894 ut
939 1826 1071 1893 facilius
1094 1848 1200 1914 recog·

156 1952 353 2019 noscantur3
374 1938 485 2003 omnia
499 1938 545 2003 illi
560 1938 670 2003 sintin
684 1952 850 2026 promptu,
864 1939 975 2003 omnia
990 1952 1128 2025 parata,
1148 1958 1200 2026 pe·

155 2049 255 2117 tentis
270 2071 398 2137 semper
414 2049 567 2137 Principis
580 2061 638 2114 aut
658 2048 825 2136 Praepositi
839 2048 888 2114 sui
900 2047 1052 2114 ¹mentem
1069 2049 1105 2115 in
1119 2047 1235 2115 omnilt

155 2183 191 2227 re
203 2159 303 2247 petita
314 2159 523 2225 clarissimam
540 2159 672 2239 reddat3
687 2159 733 2224 ita
747 2170 856 2224 tamen
871 2170 908 2224 ut
922 2159 1037 2224 omnia
1052 2182 1132 2226 oum
1144 2159 1201 2226 hu·

155 2269 294 2336 militate
306 2283 341 2335 et
354 2269 499 2358 jocunda
515 2269 669 2357 patientia
685 2267 772 2349 fiant,
786 2283 820 2335 et
834 2268 957 2336 Christi
971 2291 1097 2336 nomen
1111 2268 1200 2336 etiam

156 2380 239 2447 inre
254 2402 349 2469 parva
365 2379 524 2445 laudetur.

199 2491 262 2557 VI.
289 2490 395 2555 Simili
410 2489 511 2555 modo
524 2489 577 2554 ille
592 2503 680 2576 agat,
694 2490 788 2579 cujus
808 2489 889 2555 fidei
899 2491 1022 2556 credita
1042 2505 1201 2558 suntrana

155 2614 321 2687 argentea,
344 2623 452 2680 aurea,
475 2600 696 2688 chrystallina,
721 2585 770 2665 vel
793 2601 970 2682 murrhina,
995 2603 1134 2684 escaria,
1156 2600 1236 2668 vello

155 2711 284 2800 potoria
296 2737 305 2791 3
329 2711 439 2775 omnia
460 2710 621 2796 disponat,
642 2711 752 2774 omnia
774 2724 876 2790 notet,
896 2726 931 2776 et
951 2724 1036 2799 quot
1058 2713 1202 2801 qualesve

157 2822 223 2888 sint
246 2822 279 2886 in
303 2821 365 2886 illis
386 2821 509 2908 lapides
532 2820 677 2908 pretiosi,
703 2842 762 2884 sua
788 2819 956 2907 diligentia
978 2835 1202 2901 connumeret,

156 2933 267 2998 omnia
289 2954 408 3019 magna
428 2955 501 2996 cum
525 2931 694 3017 prudentia
708 2930 900 3011 consideret,
916 2930 1030 3021 omnia
1044 2933 1113 2998 suis
1127 2933 1202 2998 locis

156 3063 191 3113 et
206 3048 406 3134 temporibus
422 3045 555 3133 prodat3
576 3045 630 3110 cui
644 3043 712 3122 dat,
727 3058 759 3110 et
774 3043 915 3131 quando,
930 3066 950 3107 a
967 3042 1090 3131 quibus
1106 3067 1146 3110 ea
1158 3064 1203 3109 re·

158 3160 248 3246 cipit,
270 3156 517 3244 diligentissime
540 3155 698 3242 inspiciat,
722 3178 762 3220 ne
787 3177 875 3220 error
896 3167 931 3218 et
956 3153 1103 3240 suspicio
1126 3153 1237 3220 malaue

156 3270 255 3335 etiam
270 3291 347 3333 cum
362 3267 478 3356 majori
494 3266 613 3331 damno
628 3266 661 3330 in
676 3267 772 3331 rebus
786 3265 935 3353 pretiosis
950 3279 1115 3331 occurrat.

201 3381 280 3445 Vll.
312 3378 371 3442 Ille
387 3391 494 3442 tamen
511 3377 693 3464 praecipuus
709 3377 860 3441 intervos
875 3373 1204 3462 eritetdiligentississ

158 3513 244 3570 mus,
253 3489 306 3554 cui
316 3489 417 3552 libros
427 3487 596 3552 servandos
609 3487 759 3573 Princeps
771 3485 977 3566 mandaverit,
988 3485 1078 3550 hunc
1088 3487 1157 3574 ipse
1167 3507 1204 3551 ex

155 3600 295 3688 probata
309 3599 442 3663 scientia
456 3598 516 3662 sibi
532 3598 632 3685 eliget
647 3597 746 3662 virum
768 3619 899 3684 gravem
914 3608 948 3660 et
966 3597 1097 3684 magnis
1111 3597 1203 3662 rebus

158 3724 284 3796 aptum,
299 3730 336 3772 ac
354 3709 506 3772 omnibus
528 3708 669 3794 quaesitis
688 3705 880 3792 respondere
899 3717 1061 3792 paratum,
1076 3708 1201 3796 qualem
1208 3712 1238 3766 30

162 3818 388 3905 Philadelphus
409 3819 573 3884 Aristeum
595 3817 745 3881 intimum
771 3815 1007 3880 cubicularium
1029 3817 1064 3881 in
1087 3839 1123 3882 re
1145 3817 1202 3882 hnc

159 3931 222 3995 sibi
233 3929 367 4017 delegit,
378 3953 415 3993 ac
426 3929 633 3993 nobilissima
643 3908 850 3992 bibliotheca
861 3927 1045 4012 proposuit,
1054 3950 1153 4015 quem
1164 3925 1201 3993 ad

159 4041 346 4107 Eleazarum
361 4038 508 4105 maximis
524 4059 598 4103 cum
614 4036 800 4102 muneribus
815 4058 874 4122 pro
890 4035 1090 4105 traducenda
1104 4038 1199 4125 serip-

546 4280 557 4314 f
573 4283 633 4333 Mar.
645 4284 814 4344 sulutem.
