2678 4756
443 292 478 356 s
501 292 816 358 corruamus.
1107 247 1145 375 1'7

82 459 202 534 pleno,
226 480 284 538 quo
305 462 471 540 episcopum
494 483 578 540 agere
599 473 725 542 oportet,
746 462 860 542 pulsum
880 461 916 519 de
936 461 1056 519 ecclesia
1072 480 1144 531 esse,

95 562 135 620 de
150 584 212 640 qua
227 563 292 641 jaro
312 565 422 642 pridem
440 586 505 624 cum
523 570 567 623 sui
586 567 726 624 similibus
744 567 802 623 Dei
821 565 971 643 majestate
987 575 1017 622 et
1036 565 1144 623 Christi

97 664 225 725 Domini
239 680 268 725 et
276 667 383 747 judicis
397 674 488 731 nostri
503 675 656 731 severitate
670 673 804 753 depulsus
819 682 872 740 est,
886 692 923 731 ne
938 672 1099 728 schismatis
1113 679 1144 729 et

103 770 216 827 discidii
229 781 340 839 auctor,
356 791 393 829 ne
406 776 534 850 pecunias
549 776 707 832 commissa
727 776 782 833 sibi
800 776 958 843 fraudator,
976 795 1012 832 ne
1029 785 1142 853 stupra-

73 885 148 937 dtor
167 879 324 953 virginum,
342 894 379 936 ne
398 883 647 939 matrimoniorum
668 882 824 939 multorum
845 880 1034 959 depopulator
1055 890 1142 957 atque

107 991 257 1059 corruptor
277 981 353 1039 ultra
373 984 465 1040 adhuc
486 1004 622 1061 sponsam
643 986 751 1043 Christi
772 985 978 1063 incorruptam,
1000 993 1141 1053 sanctam,

106 1087 237 1163 pudicam
251 1089 409 1164 praesentio
423 1107 481 1144 suae
494 1088 631 1144 dedecore
646 1097 675 1144 et
688 1088 831 1166 impudica
844 1096 929 1163 utque
949 1088 1059 1145 incesta
1072 1107 1142 1146 con·

107 1191 224 1266 tsgione
242 1188 373 1249 violaret.
415 1190 471 1247 Sed
484 1191 561 1247 euim
572 1189 648 1246 lecta
662 1189 718 1248 alia
733 1199 783 1246 tua
797 1189 928 1266 epistola,
943 1189 1041 1257 frater,
1057 1210 1144 1267 quam

107 1294 205 1370 primis
225 1292 328 1349 litteris
343 1291 528 1370 subjunxisti,
544 1295 613 1351 sotis
627 1295 745 1350 miratus
760 1312 833 1359 sum,
848 1311 914 1349 cum
927 1293 1144 1351 animadvertis·

68 1408 168 1457 rotem
188 1405 220 1452 te
237 1396 324 1452 minis
345 1406 432 1472 atque
450 1396 607 1455 terroribus
627 1416 726 1455 eorum
742 1398 792 1473 qui
811 1407 949 1455 venerant
967 1397 1145 1475 aliquantum

107 1519 170 1558 esse
191 1510 379 1568 commotum,
401 1520 466 1558 cum
485 1511 526 1568 te,
548 1502 704 1559 secundum
726 1501 803 1577 qnod
826 1501 974 1579 scripsisti,
999 1499 1147 1585 aggressi

106 1618 227 1683 essent,
239 1627 313 1669 curn
328 1628 454 1671 summa
468 1605 690 1692 desperatione
704 1605 937 1670 comminantes
948 1607 1038 1694 quod
1052 1609 1080 1673 si
1092 1608 1147 1693 lit-

106 1726 193 1777 teras
214 1735 295 1798 quas
313 1714 497 1792 attulerant,
514 1736 579 1779 non
598 1713 786 1800 accepisses,
801 1715 929 1800 publice
953 1739 1007 1781 cas
1030 1717 1146 1783 recita·

106 1833 190 1900 rent,
206 1834 240 1886 et
253 1821 356 1887 multa
368 1821 473 1908 turpia
487 1842 524 1886 ac
538 1823 694 1908 probrosa
706 1835 740 1886 et
753 1843 809 1887 ore
823 1844 884 1888 suo
903 1823 1003 1913 digna
1023 1825 1148 1913 profer·

62 1945 97 1995 15
108 1942 193 1997 rent.
