2678 4756
139 289 205 356 tao
478 258 839 342 innormatum

141 443 225 510 vim
236 452 326 523 mser,
339 440 503 509 Melitinam
524 466 572 511 res
590 466 683 511 novas
700 444 735 511 in
750 444 877 512 ecciena
890 444 1071 511 molientem
1085 444 1140 510 ad'
1160 480 1177 495 ·

140 529 199 596 ait.
239 532 350 595 Postea
364 552 432 595 vero
451 528 570 597 relictis
588 532 654 617 ejas
662 531 825 681 partitio,
840 553 860 596 a
875 534 968 597 Patra
981 530 1091 597 Alexa
1134 530 1175 594 ri·

141 634 250 682 mm
263 615 399 702 episcopo
412 615 557 682 diaconus
569 628 615 682 est
629 640 663 681 or
685 616 798 683 inatus.
827 617 944 684 Ιίιιτσω
959 627 1068 682 tamen
1083 615 1174 680 eccle·

107 741 111 749 ·
142 702 189 769 cia
200 699 309 787 points
324 711 369 766 est
383 700 422 766 ab
436 701 549 781 eodem,
566 713 731 788 propterea
750 703 918 792 quodcum
937 704 1054 769 Patmos
1052 700 1175 852 lauto-

142 808 192 855 ros
205 785 331 853 Meletii
344 787 630 854 excommunicasset
645 810 700 853 nec
711 810 817 855 eoram
831 787 1016 875 baptismam
1029 810 1052 852 a
1074 787 1175 852 mitte·

141 883 201 952 ret,
215 873 282 959 ipse
304 872 392 939 Petri
410 883 482 938 acto
500 872 861 962 reprehendetotoeqm
879 872 944 939 allo
966 873 1059 939 moda
1074 872 1175 961 quies·

142 981 209 1026 aare
230 955 410 1025 sustinebat.
449 961 560 1025 Postea
575 982 643 1025 vero
656 981 752 1059 quam
765 962 876 1025 Petras
893 958 1089 1049 martyriam
1130 980 1179 1023 er·

144 1044 278 1125 iniisset,
294 1044 391 1111 Arina
404 1043 442 1109 ab
457 1043 587 1109 Aotttta
607 1065 729 1119 ventam
745 1056 900 1132 precatus,
919 1045 981 1110 irc.
1026 1044 1073 1110 Et
1114 1045 1177 1108 ein·

142 1152 219 1219 caps
233 1131 265 1197 in
279 1129 383 1219 ejusd
397 1129 454 1194 lib.
472 1131 561 1196 Hist.
576 1152 642 1196 susc
659 1151 689 1195 c.
699 1142 750 1196 24.
765 1131 807 1197 de
825 1130 963 1196 Meletio
984 1129 1060 1195 haec
1084 1128 1126 1194 ha

141 1217 355 1283 Sozomenus.
378 1217 483 1299 ’Epiro
500 1218 528 1281 ii
543 1225 623 1282 τοῦτο
637 1220 671 1303 τῇ
684 1216 787 1304 συνόδῳ
804 1214 944 1304 (synodo
959 1216 1122 1299 NJcaenae)
1137 1214 1177 1279 ii·

143 1328 232 1382 icum,
246 1302 408 1390 λογιζομὸνῃ
424 1305 456 1366 τὸ
475 1304 612 1391 arponmi5
626 1304 673 1366 nai
689 1300 795 1384 irarum
808 1307 846 1378 εἰς
856 1300 1029 1389 χειροτονίαν
1043 1300 1179 1365 Ministro

144 1391 193 1453 nai
216 1398 270 1454 sior
290 1393 329 1453 roi
350 1392 423 1452 αὐτὰ
444 1389 616 1477 oporoirsnr
647 1386 700 1462 virs
721 1391 768 1452 καὶ
791 1387 902 1476 Hirgov
919 1394 968 1452 τοῦ
984 1387 1181 1474 μαρτυρῆσαν-

143 1499 201 1554 τος,
217 1476 297 1552 mona
317 1478 411 1560 ἡγεῖτο
430 1480 478 1553 τῆς
497 1473 699 1560 Ἀλεξανδρέων
720 1473 882 1553 ἐκκλησίας,
903 1471 1053 1559 pori-porros
1073 1474 1119 1534 tri
1139 1468 1181 1534 rio

143 1560 208 1624 niro
223 1561 353 1644 διωγμὸν,
366 1563 417 1635 τὰς
432 1562 508 1641 inape
527 1559 599 1636 ὅσας
612 1563 688 1645 αὐτῷ
699 1559 868 1647 χειροτονίας
883 1558 1040 1646 ὑφήρπασε.
1078 1556 1183 1657 Atqtt'e

146 1644 180 1709 id
200 1666 326 1732 requam
345 1667 408 1710 esse
425 1588 558 1732 synodus
570 1644 740 1731 judicavit,
753 1656 902 1730 reputans
913 1643 1034 1709 scilicet
1050 1641 1182 1721 Melitii,

59 1740 64 1747 '
146 1731 272 1819 ejusque
290 1729 485 1810 consortium,
498 1731 693 1817 praecipitem
713 1730 746 1794 in
768 1728 1013 1796 ordinationibus
1021 1723 1183 1818 faciendos

147 1818 362 1882 temeritatem.
412 1817 534 1905 Quippe
555 1817 610 1909 qvi
631 1818 705 1881 dvm
728 1818 840 1881 Petras
861 1815 1020 1902 episcopas
1041 1812 1183 1879 Alexan·

147 1901 238 1982 drioe,
261 1904 317 1990 qni
338 1913 445 1987 postea
471 1903 658 2002 martprivm
686 1899 917 1980 consummavit,
944 1899 980 1965 oi
1006 1898 1184 1965 saevientem

147 1999 221 2054 tnnc
232 1988 628 2077 persemtionernfngrsset,
642 1986 850 2053 ordinationes
864 1987 907 2052 ad
918 1984 1013 2051 ilium
1023 1984 1184 2072 pertinen·

148 2083 194 2148 tes
207 2073 266 2140 sttt
283 2074 504 2140 vindicaverat.
948 2130 953 2138 .

181 2161 256 2226 Jam
267 2182 340 2226 vero
348 2159 498 2226 adductis
507 2160 556 2225 his
567 2158 789 2247 scriptoribus,
799 2155 1121 2224 animadvertendum
1129 2170 1186 2237 est,

146 2266 330 2340 quanquam
340 2245 372 2311 in
383 2245 614 2332 Epiphanianis
622 2244 775 2333 scriptum
786 2256 885 2325 extet,
894 2244 1027 2309 Petrum
1040 2260 1075 2306 sc
1085 2263 1185 2328 oppo-

146 2332 247 2398 suisse
265 2331 401 2398 Meletio
420 2332 542 2398 nolenti
556 2332 701 2410 clericos,
718 2331 775 2418 qui
787 2329 868 2418 lapsi
881 2327 1184 2478 mmntgpmstinum

146 2416 180 2483 in
195 2417 340 2484 ordinem
355 2419 508 2505 recipere,
521 2418 584 2483 hoc
599 2417 817 2482 laxamentum
833 2416 866 2480 S.
877 2415 972 2480 Petro
1031 2414 1186 2499 scriptum

149 2524 214 2567 non
241 2517 367 2569 tantum
391 2503 615 2570 consuetudini
642 2501 785 2567 ecciesiae
809 2501 963 2566 universa
989 2498 1185 2564 contrarium

148 2608 229 2665 esse,
254 2589 431 2654 sedetiam
456 2591 539 2654 Petri
561 2590 660 2676 ipsius
686 2587 842 2653 adversari
869 2585 1050 2663 sententiae,
1076 2585 1185 2671 quiin

149 2671 284 2738 Canone
303 2697 361 2738 suo
376 2677 418 2738 Χ.
434 2675 567 2740 clericos
585 2675 705 2761 iapsos,
724 2673 785 2738 etsi
804 2686 966 2738 certamen
987 2670 1187 2755 redintegra·

148 2758 260 2838 verint,
287 2781 306 2823 a
331 2782 421 2824 sacro
445 2760 620 2825 ministerio
643 2761 798 2824 arcendos
821 2779 891 2823 esse
915 2756 1044 2821 statuit.
1128 2755 1187 2819 uod

148 2843 235 2907 enim
257 2844 397 2931 positum
420 2858 468 2910 est
488 2847 520 2911 in
540 2867 662 2911 canone
685 2845 829 2933 proxime
852 2854 1016 2993 sequente,
1038 2759 1187 2905 deiaicis

149 2941 277 3011 tantum
290 2931 561 3018 interpretandum
578 2930 711 2996 videtur.
736 2932 832 2995 Porro
844 2952 884 2994 ex
909 2926 1089 3014 segmentis
1104 2927 1187 2990 Maf-

149 3015 250 3080 feanis
271 3031 409 3095 constat,
429 3038 557 3082 causam
580 3016 705 3081 finxisse
727 3016 789 3081 sibi
812 3013 1094 3080 schismaticarum
1119 3035 1186 3076 sua-

149 3122 222 3165 rum
240 3101 477 3167 ordinationum
499 3102 682 3181 Meletium,
696 3101 890 3166 diminutum
905 3119 1078 3164 numerum
1096 3098 1187 3161 mini·

149 3199 289 3251 strorum
312 3210 486 3265 sacrorum,
508 3210 584 3267 non,
604 3187 693 3274 quod
713 3185 938 3272 Epiphaniam
958 3183 1086 3264 volunt,
1108 3206 1186 3270 prae-

150 3293 316 3358 properam
329 3273 493 3360 lapsorum
504 3274 544 3338 ad
557 3273 816 3338 communionem
829 3271 1059 3358 receptionem.
1085 3269 1187 3347 Adde,

150 3357 329 3442 quodcum
345 3359 481 3423 Meletio
495 3373 585 3423 extra
599 3380 757 3424 carcerem
778 3358 887 3445 posito
906 3356 1186 3444 expostulaverunt

150 3440 186 3505 hi
201 3457 356 3529 martyres
377 3458 410 3508 et
429 3443 583 3530 episcopi,
600 3466 663 3508 non
682 3445 912 3508 incarceratum
927 3441 1070 3506 eundem
1086 3442 1185 3506 Mele-

150 3526 231 3590 tium
251 3530 359 3593 Petrus
375 3529 496 3594 vinctus
512 3542 544 3594 et
559 3530 627 3616 ipse
641 3551 660 3593 a
674 3551 708 3593 se
723 3529 889 3616 separavit.
925 3527 1094 3614 Majarcm
1132 3550 1184 3593 uo·

151 3632 215 3696 que
232 3612 372 3678 fidelium
392 3636 560 3679 numerum
584 3637 604 3679 a
623 3608 767 3701 partibus
787 3613 914 3679 Meletii
934 3614 1074 3692 stetisse,
1090 3551 1183 3677 idqve

152 3693 320 3760 hementer
332 3699 546 3764 dubitandum
561 3714 620 3765 est.
656 3701 900 3778 Verumtamen,
916 3721 993 3763 cum
1008 3711 1094 3763 teste
1107 3699 1184 3783 frag·

151 3794 264 3846 mento
279 3782 442 3848 Maffeano
458 3785 612 3852 Meletius
624 3785 782 3872 quosdam
796 3785 855 3850 sihi
868 3783 1060 3849 ordinaverit
1075 3783 1109 3848 in
1124 3805 1185 3848 car-

153 3888 218 3951 ccre
241 3876 334 3952 atqve
356 3868 547 3953 inionetailis
571 3871 762 3952 constitutos,
787 3871 861 3936 inde
888 3871 1025 3934 fortasse
1048 3882 1123 3934 orta
1144 3880 1187 3932 est

152 3950 320 4018 historiola
340 3952 380 4017 de
402 3957 537 4020 ecclesia
556 3968 747 4045 martyrum,
763 3980 835 4043 quae
856 3954 1001 4020 ecclesiae
1022 3954 1188 4020 catholica

152 4036 302 4124 opposita
316 4039 422 4105 merit.
462 4042 572 4128 Atque
587 4040 754 4106 fatendum
769 4043 912 4129 quidem,
929 4062 996 4105 non
1011 4038 1188 4106 confirmari

151 4144 191 4187 ex
204 4123 306 4189 hocce
321 4125 517 4212 fragmento,
533 4126 622 4214 quod
642 4127 683 4192 de
703 4128 831 4193 Meletii
848 4127 1033 4192 idololatria
1047 4125 1189 4191 Athana·

153 4208 231 4289 sius,
246 4223 280 4275 ct
297 4224 373 4296 post
387 4233 462 4277 eum
484 4213 633 4278 Socrates
648 4212 767 4300 aliique
781 4212 967 4301 scriptores,
982 4211 1190 4288 tradiderunt,
