2678 4756
331 280 383 348 ru
404 280 438 345 s.
459 279 679 347 connata
703 277 1000 346 ostensum.
1143 301 1183 369 η

144 447 334 513 uendidisset
349 449 420 534 ejus
436 449 539 526 mori,
554 458 648 537 atque
661 447 732 529 itta,
744 471 778 514 re
794 449 931 533 prodita,
945 449 1099 515 uindicari
1117 451 1184 517 ael·

145 533 203 612 tor,
215 533 333 620 surripi
345 534 436 632 quasi
447 535 489 598 ad
502 533 734 618 leonemjassit.
765 534 888 598 Deinde
901 558 918 597 a
930 558 1023 599 cauea
1038 552 1183 620 caponem

144 619 291 684 amittit:
318 619 564 705 mirantibusque
585 619 788 683 sanctiorem
809 619 985 701 ridiculam,
1005 634 1065 704 per
1082 623 1184 687 cuda·

145 726 217 768 rum
240 703 304 768 dici
320 704 440 789 jussitr
471 706 679 788 Imposturam
692 703 778 789 fecit
799 715 830 767 et
852 719 965 790 passas
984 716 1043 769 est.
1076 708 1184 773 AElius

144 789 353 875 Lampridius
373 788 470 855 trudit
489 790 682 854 Vettonium
703 789 860 853 Turinum
883 789 1108 875 impostorem,
1128 793 1186 879 qui

144 873 251 939 multa
262 874 407 939 fallendo
425 875 626 960 promiserat,
639 887 673 937 et
687 895 746 959 pro
762 875 848 939 vanis
863 875 1028 961 promissis
1043 877 1186 962 ingentia

144 958 492 1057 proemia-perceperat,
505 959 682 1024 Alexandri
701 959 807 1022 Severi
823 959 918 1046 jussu
931 975 1118 1026 accusatum
1132 964 1185 1027 fu·

145 1065 221 1124 osse,
235 1058 269 1109 et
289 1045 485 1123 censimum,
502 1043 598 1131 jussu
619 1043 706 1107 illius
727 1043 896 1129 alligatum
918 1045 960 1109 ad
982 1046 1136 1144 stipitem,
1152 1064 1185 1113 et

143 1128 240 1193 firmo
256 1130 422 1216 apposito,
431 1150 531 1215 quem
545 1149 585 1193 ex
600 1127 727 1214 stipulis
741 1143 838 1214 atque
852 1129 993 1194 humidis
1007 1131 1104 1216 lignis
1119 1133 1186 1198 fieri

142 1211 296 1299 jusserat,
319 1214 490 1291 necavisse,
514 1234 662 1300 praecone
685 1212 831 1277 dicente:
858 1215 953 1277 Fumo
977 1217 1108 1298 panitur
1131 1217 1187 1303 qai

145 1297 435 1385 vendiditjiraram.
464 1300 509 1363 D.
521 1301 613 1364 Nero
626 1297 816 1362 clementior
829 1298 893 1363 fuit
906 1321 942 1362 er
966 1321 985 1362 a
999 1299 1185 1370 Caesellium

145 1381 296 1455 Bassum
327 1383 412 1450 Vide
426 1384 576 1448 Tacitum
589 1384 646 1448 lib.
658 1383 719 1447 xvi.
734 1382 921 1447 Annalium.
941 1320 1155 1451 desumus.

191 1469 227 1531 P.
241 1481 271 1544 7.
285 1469 308 1532 l.
319 1484 369 1532 25.
391 1469 531 1554 perfidiae
545 1468 741 1554 loquacitate
755 1468 913 1566 captiosa]
925 1471 977 1533 lta
986 1482 1107 1535 veteres
1116 1472 1186 1536 edi·

146 1551 253 1617 tiones
277 1564 312 1617 et
332 1554 474 1639 quinque
499 1567 605 1617 vetera
628 1552 832 1637 exemplans.
875 1553 1045 1618 Manutius
1067 1558 1185 1641 posuit,

122 1636 128 1645 '
143 1637 287 1722 perfidia.
297 1650 333 1701 et.
348 1638 538 1724 loquacitate
556 1637 693 1721 captiosa
710 1637 930 1723 (sequentibus
945 1639 1098 1725 Rigaltio,
1114 1643 1187 1706 Fet·

147 1719 189 1801 lc,
207 1723 479 1808 constantiaque).
514 1725 665 1809 Quatuor
678 1721 751 1785 libri
767 1735 887 1787 veteres
903 1744 962 1808 pro
977 1725 1113 1809 captiosa
1127 1727 1186 1792 be,

142 1805 388 1892 'bentfactiosa
402 1807 550 1906 allifacti
564 1829 652 1871 sensu
668 1817 803 1871 amentes
818 1807 1008 1873 videbamur.
1048 1813 1186 1878 Remen-

147 1890 191 1954 ais
204 1892 310 1956 sancti
322 1892 486 1979 Dionysii,
500 1890 529 1955 io
552 1891 690 1956 uanitate
707 1892 804 1976 capti.
840 1893 926 1956 Nara
946 1906 1081 1960 amantes
1101 1898 1188 1961 vide·

147 1974 270 2041 bamur.
284 1977 494 2041 Butuntos.
587 1975 779 2063 b.fartiosa.
802 1975 898 2041 Colb.
912 1977 1102 2064 loquacitate
1115 1997 1189 2065 cap-

145 2059 188 2138 a,
202 2082 293 2125 sensu
312 2072 448 2126 amentes
466 2060 656 2139 videbamur,
671 2062 895 2126 Consanus.
914 2062 1057 2149 perfidia
1077 2065 1189 2153 loqua-

149 2144 394 2230 citatefoctiosa
407 2140 543 2211 amentei
557 2146 681 2210 Erasini
696 2145 748 2209 ed.
763 2145 838 2209 anni
855 2160 942 2211 1520.

194 2229 279 2293 lbid.
300 2230 323 2294 l.
337 2243 392 2308 27⁸⁴
413 2246 448 2295 et
471 2229 637 2314 baeretico]
665 2231 733 2294 lsta
756 2230 873 2294 desunt
896 2231 930 2295 in
953 2232 1189 2319 antiquioribus

148 2313 347 2379 editionibus
367 2329 401 2387 et
422 2315 459 2379 in·
477 2329 617 2401 quatuor
637 2313 777 2400 antiquis
796 2314 974 2380 codicibus.
1017 2319 1190 2390 Habentur

148 2411 260 2463 tamen
281 2399 315 2463 iu
334 2400 476 2467 editione
496 2399 687 2463 Manutiana
701 2411 736 2462 et
747 2398 782 2463 in
795 2399 923 2464 duobus
937 2400 1104 2468 codicibus
1118 2428 1188 2471 ura,

149 2483 333 2569 suscriptis.
367 2483 557 2549 vRetinenda
576 2496 685 2547 autem
707 2505 777 2547 esse
798 2483 900 2570 liquet
918 2506 959 2548 ex
979 2487 1019 2550 iis
1039 2511 1113 2574 quae
1130 2513 1188 2556 ns.

130 2570 136 2580 ’
149 2581 308 2653 quantur.
351 2569 390 2634 ln
404 2590 470 2633 uno
484 2569 567 2632 libro
582 2589 657 2632 meo
670 2582 775 2633 vetere
790 2569 911 2654 legitur
925 2569 1143 2655 haeresiarcha,
1154 2591 1188 2642 et

146 2652 184 2725 ¹in
201 2653 504 2738 Gratianopolitano
519 2652 732 2717 haeresiarcha.
755 2654 965 2720 Butuntos·

151 2774 178 2886 -Ε
196 2736 281 2803 lbid.
304 2737 454 2803 habuisse
468 2737 547 2821 &c.]
562 2737 713 2802 habuisse
726 2738 888 2803 certamen
905 2752 1051 2804 nostrum
1064 2742 1145 2809 Bod.
1160 2761 1188 2811 1.

173 2840 315 2886 :ss-noue.

151 2905 280 3054 FIbid.
308 2907 331 2970 l.
355 2920 423 2983 ³0«
440 2905 635 2992 Dominum]
668 2907 848 2972 Dominum
877 2921 1024 2974 nostrum
1053 2911 1133 2978 Bod.
1161 2930 1189 2980 1.

174 3010 316 3056 uiuus.
569 3014 571 3018 ⁴
897 3027 901 3033 ·

195 3075 280 3139 lbid.
294 3075 316 3139 l.
328 3089 379 3139 ³1.
402 3099 504 3141 unum
517 3075 707 3162 episcopum
721 3076 755 3139 in
768 3076 928 3141 catholica
940 3079 1088 3166 ecclesia]
1101 3081 1190 3148 Hinc

151 3158 309 3225 Beronius
331 3160 465 3247 collegit
486 3161 622 3225 Romani
642 3173 719 3224 tum.
733 3161 876 3246 episcopi
892 3161 1024 3226 titulum
1038 3164 1136 3228 fuisse
1151 3181 1189 3232 ut

153 3245 374 3309 nominaretur
401 3244 610 3310 sanctissimis
637 3245 805 3310 catholicae
835 3245 980 3309 ecclesiae
1007 3246 1187 3334 episcopus,

150 3329 195 3392 sd
258 3351 301 3393 ue
322 3351 422 3393 unum
444 3330 645 3415 episcopum,
665 3330 699 3393 id
718 3342 769 3393 est
789 3331 983 3408 Romanum,
1003 3332 1035 3396 in
1055 3335 1190 3400 ecclesia

151 3433 223 3477 esse
258 3414 366 3478 ebore.
400 3416 524 3478 Verum
545 3414 599 3477 hic
621 3436 686 3478 non
707 3428 758 3478 est
778 3435 868 3478 verus
890 3436 1001 3479 sensus
1019 3419 1189 3486 verborum

152 3495 310 3584 Cypriani
327 3498 509 3579 (Cornelii).
545 3497 632 3562 Illud
646 3510 772 3562 tantum
788 3498 867 3576 vult,
882 3512 919 3563 ut
933 3500 1017 3565 sicut
1031 3503 1189 3573 credimus

154 3602 254 3651 unum
270 3581 449 3661 Christum,
464 3604 565 3646 unum
581 3583 730 3668 spiritum
752 3597 909 3663 sanctum,
926 3586 969 3649 ita
987 3585 1115 3652 credere
1131 3591 1188 3655 de·

154 3665 267 3730 bemus
291 3689 392 3731 unum
416 3667 604 3752 episcopum
628 3679 754 3731 tantum
776 3668 810 3730 in
833 3690 1023 3756 unaquaque
1045 3673 1189 3756 ecclesia,

153 3751 286 3815 cumsit
299 3752 510 3837 episcopatus
518 3774 601 3814 unus
613 3764 647 3815 et
660 3751 812 3815 indivisus
829 3752 1061 3838 episcoporum·
1069 3759 1189 3825 multo-

155 3856 223 3900 rum
246 3836 400 3900 concordi
422 3835 652 3924 numerositate
674 3837 819 3915 diffusus,
842 3837 936 3923 cujus
960 3862 981 3903 u
999 3840 1135 3926 singulis
1156 3846 1190 3911 in

154 3919 294 3984 solidum
332 3941 384 3984 ars
398 3933 535 3997 tenetur,
549 3933 586 3984 ut
600 3919 654 3984 ille
668 3921 713 3984 ait
727 3919 760 3984 in
775 3920 920 4006 Epistola
932 3922 978 3988 lii.
998 3946 1075 4010 pag.
1089 3940 1139 4002 73.
1155 3943 1190 3995 et

157 4000 285 4068 inlibro
355 4005 493 4069 'Unitate
507 4004 661 4069 Ecclesiae
674 4026 750 4104 pag.
766 4021 833 4083 195.
861 4006 945 4071 Vide
960 4021 1051 4073 notas
1066 4026 1194 4078 nostras-

157 4087 192 4151 od
206 4089 329 4163 librum,
340 4088 510 4175 Agabardi
525 4089 566 4154 de
581 4089 747 4174 privilegio
761 4103 795 4153 et
804 4091 878 4176 jure
892 4091 1062 4157 sacerdotii
1076 4117 1145 4181 cap.
1157 4113 1188 4163 2.

157 4168 364 4255 datuurus..
409 4176 507 4239 Porro
528 4175 650 4261 optime
672 4174 896 4263 verissimeque
917 4178 963 4243 sir
986 4177 1189 4248 domininus
