2678 4756
152 298 215 383 27⁶
395 283 399 289 '
490 284 919 399 Aunornrronw

152 488 185 533 se
206 466 344 552 primum
370 466 578 555 excogitatam
602 467 636 533 in
657 468 815 535 ecclesiam
839 470 1052 549 inueneruntf·
1076 468 1134 536 sed
1156 494 1194 539 ea

153 564 323 617 sonanunt
339 574 412 639 quae
425 563 455 615 et
470 552 673 617 ecclesiastica
690 554 817 619 traditio
831 555 869 619 al
885 555 973 619 initio
989 554 1151 637 docuerat,
1162 566 1195 622 et

154 638 400 703 Christianorum
421 636 595 723 philosophi
616 638 795 704 certissimis
812 639 1006 727 argumentis
1024 641 1193 707 adstrncoe·

152 732 238 787 rant.
284 723 334 785 lta
348 722 429 785 onim
448 744 549 785 omnes
567 724 691 810 antiqui
713 725 768 810 qui
790 724 847 789 hac
867 726 905 789 de
924 746 958 789 re
978 724 1195 811 disputarunt,

153 828 242 871 suam
256 806 342 871 nohis
355 808 538 870 sententiam
561 807 685 893 scriptis
701 809 858 892 proditam
876 809 1082 897 reliquerunt.
1126 812 1193 876 Ire-

152 912 242 957 noeus
265 902 346 955 certe
368 902 398 954 et
424 890 573 971 Cleonem,
596 904 626 955 et
647 893 845 978 Apollinaris
869 893 1141 980 Hierapolitanos,
1162 904 1193 959 et

153 978 302 1061 Serapion
321 975 526 1040 Antiochense
548 975 634 1040 urhis
653 978 819 1064 episcopas,
843 978 1004 1043 Christum
1028 979 1087 1065 qui
1107 980 1191 1044 horno

144 1062 259 1148 factus
273 1072 329 1140 cst,
347 1062 452 1124 anima
464 1061 635 1145 praeditum
645 1063 763 1159 juisse,
778 1063 863 1128 velat
877 1086 941 1128 rem
955 1065 1114 1128 communi
1127 1088 1190 1128 ono·

152 1147 241 1211 nium
263 1167 406 1209 consensu
428 1157 582 1231 receptam
603 1169 667 1212 uois
688 1148 722 1211 in
745 1147 833 1212 lilris
856 1158 1006 1212 asserunt.
1055 1149 1141 1296 guin
1161 1159 1192 1214 ct

152 1231 285 1318 synodus
299 1254 372 1328 quae
382 1242 511 1315 propter
523 1231 688 1317 Beryllnm
698 1231 932 1319 Philadelphioe
944 1232 978 1296 in
988 1235 1061 1297 Ara
1081 1234 1113 1297 ia
1127 1234 1189 1319 epi:

151 1332 274 1400 scopu-m
280 1318 376 1402 sacto
391 1326 448 1391 cst,
463 1316 596 1379 scrilens
610 1317 652 1380 ad
666 1318 805 1382 eumdem
820 1318 986 1405 Beryllnm
1000 1318 1111 1383 eadem
1126 1329 1191 1383 tra·

152 1402 243 1465 didit.
291 1402 518 1465 ORIGENES
545 1423 674 1549 quogue
697 1404 729 1465 in
754 1405 904 1469 omnibus
926 1402 1017 1467 libris
1040 1403 1112 1467 suia
1132 1403 1189 1468 &a

39 1506 43 1511 ·
151 1485 497 1550 ConferasMoshemii
508 1487 613 1550 Delie
631 1509 668 1550 us
679 1487 925 1553 Christianorum
935 1498 1009 1552 ante
1021 1488 1129 1551 Const.
1138 1490 1188 1554 M.

150 1573 232 1635 Saeo.
244 1570 288 1634 iii.
305 1582 382 1633 sect.
394 1582 443 1634 34.
485 1584 575 1646 .701.
604 1572 758 1636 Notabile
772 1586 881 1637 autem
896 1583 945 1637 est
961 1572 1025 1636 hoc
1040 1572 1189 1637 testimo·

149 1656 237 1720 nium
255 1677 313 1740 pro
329 1666 416 1718 recta
435 1591 497 1719 flia
517 1679 591 1720 oum
613 1656 751 1721 aliorum
773 1666 1057 1736 sanctorum,·tum
1076 1658 1188 1745 synodi

150 1740 412 1825 Philadelphinae,
428 1740 490 1804 sive
514 1741 707 1820 Bostrensis,
724 1755 798 1806 ante
817 1742 992 1807 concilium
1013 1741 1188 1807 Nicaenum

148 1825 279 1904 habitae,
309 1839 421 1888 contra
449 1825 597 1903 haeresin,
629 1850 701 1913 quae
731 1827 794 1892 fuit
828 1842 952 1914 postea,
981 1825 1186 1913 Apollinarii,

151 1909 272 1974 Confer
287 1910 406 1979 Euseb.
421 1908 509 1975 Hist.
524 1912 564 1976 vi.
578 1926 628 1975 33.
948 1982 951 1987 ,

193 1996 310 2059 Ρ.265.
325 1996 347 2059 l.
362 2008 408 2070 17.
431 2005 444 2055 ὃ
465 2003 498 2064 εἷς
519 1997 562 2062 'cin
582 1999 694 2081 rtnesr]
718 1998 813 2064 Petili
834 1995 980 2084 origenis
998 1995 1035 2060 in
1056 1997 1187 2063 Genesin

150 2076 405 2159 Commentarius,
432 2079 489 2165 qui
515 2102 534 2144 a
561 2082 728 2167 Pamphilo
752 2082 910 2148 adductus
936 2082 1056 2161 fuerat,
1079 2083 1187 2168 paucis

148 2167 289 2252 exceptis
304 2165 505 2251 fragmentis,
521 2188 659 2253 quorum
680 2168 769 2232 nulla
788 2180 895 2232 tamen
911 2166 1134 2253 'suppeditavit
1150 2167 1187 2232 li·

146 2250 205 2315 ber
220 2251 342 2337 primus
357 2248 527 2337 Apologioe
541 2250 786 2335 Pamphilianoe,
800 2252 856 2339 qui
870 2264 968 2316 extat.
1076 2260 1089 2267 ““

154 2368 157 2373 ·
187 2335 278 2400 ibid.
302 2336 324 2400 l.
338 2350 387 2400 25.
410 2336 459 2402 'riri
481 2345 526 2404 τῆς
552 2342 688 2406 lemniae
714 2339 821 2415 poeonii
845 2344 995 2419 ippnroi'oao
1024 2328 1188 2419 σαώσει]

148 2418 370 2506 Οοη1.,Ερὶ11.
388 2418 430 2483 ad
444 2419 560 2503 Ephes.
574 2442 602 2483 v.
615 2434 665 2483 32.

192 2509 228 2570 P.
239 2512 309 2570 266.
327 2504 348 2569 l.
360 2517 391 2568 4.
415 2508 553 2572 rurestris
566 2510 651 2590 λόγος]
669 2504 841 2570 Musculus
864 2504 967 2583 vertit,
990 2503 1090 2569 Liber
1112 2500 1185 2570 Gre-

145 2590 229 2679 gorii
256 2590 442 2676 adjungitnr
467 2610 525 2686 quo
556 2587 720 2674 Origenem
750 2586 982 2653 commendauit.
1038 2589 1185 2656 Christo-

145 2678 328 2763 phorsonus
344 2686 452 2738 autem
468 2685 512 2736 1ta
526 2672 762 2758 interpretatur,
778 2674 885 2738 Oratio
902 2674 1050 2761 Gregorii
1068 2675 1104 2739 in
1121 2675 1185 2741 Ori·

146 2761 236 2848 genis
249 2758 537 2824 commendationem
551 2761 731 2844 conscripta.
762 2761 886 2824 Verum
901 2759 984 2822 hano
997 2759 1186 2846 interpreto-

146 2847 269 2910 tionem
287 2845 422 2929 probare
436 2862 501 2905 non
514 2862 657 2927 possum,
670 2865 709 2907 ne
732 2865 773 2908 ue
786 2845 871 2907 enim
886 2844 991 2907 oratio
1006 2842 1065 2907 illa
1078 2867 1098 2909 a
1109 2846 1186 2909 Gre-

145 2929 242 3017 gorio
252 2931 497 3012 Thaumaturgo
507 2927 624 3012 scripta
633 2942 681 2991 est
692 2866 733 2992 ai
743 2927 1061 2993 commendationem
1072 2930 1185 3015 Orige-

146 3016 215 3094 nis3
229 3014 285 3078 sed
298 3014 337 3078 ad
352 3013 495 3099 agendas
506 3015 626 3096 gratias
640 3014 841 3099 praeceptori,
854 3035 928 3077 oum
941 3011 1068 3099 exejus
1081 3012 1186 3079 schola

147 3100 336 3164 discederet.
359 3097 505 3170 cocarrnol
520 3095 651 3182 quidem
671 3098 823 3162 dicuntur
843 3097 999 3183 Epistolae
1021 3119 1184 3162 commen-

147 3184 284 3248 daticiae.
307 3183 477 3248 Orationes
493 3192 600 3244 autem
612 3185 757 3254 συςατικοὶ
772 3182 870 3246 nullae
885 3203 1030 3267 unquam
1047 3182 1183 3248 fuerant.

146 3271 256 3357 Quare
268 3290 332 3332 non
347 3267 461 3331 dubito
476 3265 552 3351 quin
564 3269 745 3340 συντακτικός
757 3265 959 3330 scribendum
973 3266 1026 3345 sit,
1038 3266 1119 3333 licet
1128 3266 1183 3332 Ni·

145 3354 306 3441 cephorus
318 3352 481 3437 vulgatam
495 3349 667 3414 lectionem
681 3352 861 3415 confirmet.
884 3352 943 3414 Est
953 3362 1069 3415 autem
1078 3356 1183 3416 corim-

145 3441 221 3513 τικδς
241 3440 336 3523 λόγος,
356 3437 460 3500 oratio
481 3456 546 3522 qua
567 3436 635 3498 vale
657 3435 785 3515 dicitur,
808 3449 845 3499 ut
864 3435 978 3499 monui
997 3435 1033 3499 in
1055 3450 1182 3502 annon·

145 3524 289 3587 tionibus
305 3520 503 3598 Eusebianis,
519 3519 571 3603 (ad
589 3520 620 3584 V
620 3521 655 3584 it.
669 3521 829 3584 Constant.
843 3520 895 3582 M.
910 3519 967 3584 lib.
979 3519 1025 3584 iii.
1039 3542 1113 3609 cap.
1123 3522 1179 3602 21.)

146 3630 227 3694 quas
243 3608 405 3671 studiosus
417 3605 519 3669 lector
531 3604 689 3668 consulet.
710 3607 919 3669 Vnoasrus.
943 3603 1089 3691 Operis,
1104 3602 1181 3694 quod

146 3714 232 3778 oaepe
248 3692 334 3778 typis
348 3711 502 3754 excusum
516 3702 576 3766 est,
592 3690 705 3753 titulus
720 3688 774 3753 hic
788 3704 848 3769 est,
862 3695 911 3753 τοῦ
929 3689 1015 3772 ἁγίου
1037 3690 1181 3779 Γρηγορῐω

108 3830 112 3835 .
145 3784 195 3842 τοῦ
216 3780 420 3862 Θαυματεργέ
447 3779 482 3849 εἰς
503 3772 650 3862 Ὠριγένην
676 3776 901 3862 ωροσφωνητικός
923 3775 972 3837 nui
994 3775 1181 3863 πανηγυρικὸς

144 3861 183 3927 λ’
203 3888 241 3937 ος.
957 3876 960 3881 “
989 3876 998 3901 ’-

160 3887 280 4011 -ογΙῦἱά,
302 3945 325 4008 l.
349 3961 396 4008 11.
426 3944 596 4027 Antipater
626 3943 812 4028 Bostrensi's]
845 3942 945 4008 Hunc
974 3942 1180 4031 Antipatrum
1222 3992 1224 4007 .

145 4034 350 4098 Bostrensem
375 4041 449 4092 ante
474 4029 657 4093 Concilium
680 4030 854 4094 NJoaenum
876 4027 1080 4111 Secundum,
1100 4026 1181 4129 qnod

146 4119 207 4180 sub
219 4117 314 4180 finem
326 4113 436 4178 saeculi
447 4114 549 4178 octavi
564 4114 710 4179 habitum
722 4129 784 4192 est,
794 4113 906 4177 vixisse
917 4124 1061 4193 constat,
1070 4132 1180 4201 quippo

145 4202 267 4267 cumin
286 4199 400 4265 eodem
420 4199 594 4266 excitatum
615 4199 754 4266 concilio
773 4198 871 4264 fuerit
888 4221 908 4263 a
926 4197 1100 4284 Stephano
1112 4198 1181 4265 Mo·
