2678 4756
155 300 219 365 444
490 281 847 354 anuorsrrouss

157 452 269 540 nopuii
283 472 394 518 vocem
408 453 604 541 λιερώσαιτας
616 454 649 520 in
662 468 752 522 textu
766 455 867 525 notive
880 454 1093 544 interpretari.
1115 458 1186 523 Bu·

158 554 301 604 vsnso.
347 540 421 603 Hoc
443 560 515 605 cum
539 540 640 606 activa
662 541 892 629 significatione
915 541 1184 628 interpretandum

157 646 227 689 esse
248 637 377 690 censent
401 624 511 689 itidem
537 627 677 691 Zonaras
700 642 733 692 et
750 627 930 708 Aristonus,
952 650 1028 693 curn
1051 628 1185 692 neutrali

156 731 232 775 vero
247 726 279 774 et
293 727 442 797 tanquam
458 711 654 797 praeteritum
668 711 733 777 alii.
765 714 840 779 Vid.
857 735 953 800 supra
966 735 1000 801 p.
1013 725 1086 780 442.

204 797 238 860 P.
249 808 319 861 41³.
334 796 356 860 i.
373 802 418 860 16.
441 800 476 871 εἰς
498 795 548 871 τὰς
567 798 795 885 χειμαζομένννς]
820 799 945 864 Videsis
969 822 1044 898 quae
1067 797 1110 863 ad
1131 820 1183 863 vo·

157 878 287 947 luminis
307 882 427 946 calcem
448 903 565 969 ponere
581 883 659 948 mihi
677 884 776 948 risum
793 897 842 949 est
857 907 895 949 ex
910 884 1004 949 Notis
1019 884 1183 949 uberrimis

156 967 198 1033 sd
227 966 431 1032 undecimum
461 989 614 1034 canonem
648 969 776 1034 Consilii
802 969 928 1037 Meceni
956 969 1182 1058 Beveregionis.

157 1053 306 1118 Diversas
322 1075 417 1139 super
430 1052 491 1118 hac
512 1074 546 1119 re
567 1055 700 1141 protulit
714 1055 879 1142 opiniones
893 1055 1045 1121 Suicerus
1061 1055 1095 1119 in
1112 1054 1183 1121 Tite·

157 1159 247 1204 sauro
261 1137 440 1204 Ecclesiast.
455 1161 523 1204 voce
535 1141 749 1223 Xspagdpnon
762 1143 824 1228 qui
838 1156 945 1206 tamen
962 1141 1117 1205 Suicerus
1131 1139 1183 1204 mi·

156 1245 217 1289 nus
231 1240 327 1302 recte,
339 1241 373 1288 ut
386 1226 509 1311 opinor,
521 1226 603 1289 favet
614 1226 838 1303 statuentibus,
846 1229 897 1302 τὲις
908 1225 1117 1313 χειμαζομέιες
1127 1227 1182 1290 hoo

154 1311 230 1376 loco
246 1332 309 1374 non
323 1309 538 1375 daemoniacos
553 1333 633 1389 esse,
652 1313 707 1376 sed
728 1333 783 1376 eos
802 1312 983 1399 significari,
998 1313 1056 1399 qui
1071 1311 1126 1376 sub
1138 1311 1181 1374 dio

156 1416 216 1482 pro
231 1397 342 1482 templi
358 1396 480 1461 foribus
497 1398 664 1462 oraverint.
694 1397 887 1463 Conferend.
904 1398 1082 1484 Bingham.
1103 1396 1182 1484 Orig.

158 1481 248 1547 Eccl.
264 1481 319 1546 lib.
335 1481 378 1547 iii.
392 1503 463 1568 cap.
477 1495 507 1546 4.
523 1484 553 1564 ξ.
566 1488 596 1546 6.
611 1497 644 1546 et
658 1482 715 1547 lib.
731 1483 791 1547 xvi.
806 1506 875 1569 cap.
896 1499 941 1546 ιι.
958 1485 988 1567 §.
1001 1501 1036 1562 9.
1083 1484 1181 1548 Caete·

156 1588 227 1632 rom
249 1567 391 1630 obsessio
408 1567 563 1632 daemonis
577 1583 611 1632 et
624 1568 712 1652 lepra
727 1569 758 1632 in
775 1569 931 1635 Gallicani
946 1568 1038 1632 Actis
1054 1568 1181 1657 conjun-

156 1669 300 1743 guntur:
322 1652 562 1752 “Quicumque
585 1653 790 1733 accedebat,¹’
811 1656 906 1719 refert
926 1677 966 1719 ex
986 1653 1104 1719 iisdem
1126 1655 1182 1719 Ba·

157 1739 266 1803 ronius
284 1735 402 1802 Annol.
418 1750 497 1801 torn.
514 1762 553 1802 ιν.
574 1760 626 1802 an.
640 1745 710 1804 ³62.
723 1745 746 1778 “
758 1755 795 1804 ut
809 1740 936 1827 praediis
955 1739 1003 1804 vel
1026 1740 1181 1816 domibus,

121 1898 126 1905 .
155 1830 370 1909 “egenorum
389 1821 555 1902 reditibus,
570 1823 691 1889 fiscales
710 1824 853 1912 affigeret
873 1825 996 1903 titulos,
1012 1824 1064 1890 vel
1081 1825 1181 1910 exige·

155 1917 178 1951 “
194 1925 242 1974 ret
254 1909 433 1994 pensiones,
445 1908 653 1994 arripiebatur
667 1931 687 1974 a
702 1909 860 1992 daemone,
869 1911 918 1976 vel
931 1931 1104 1998 percussus
1117 1910 1182 1997 lep·

154 2002 178 2036 “
194 2016 238 2075 ra,
254 2016 272 2060 e
287 1993 422 2083 vestigio
435 1993 638 2061 recedebat.’'
654 2017 688 2085 p.
701 2009 752 2082 98,

510 2247 675 2316 anoN
703 2250 832 2316 xvru.
883 2228 886 2233 ’

198 2424 233 2487 Ρ.
246 2433 315 2486 414.
330 2422 353 2486 l.
366 2436 395 2487 2.
422 2424 460 2504 μὴ
482 2418 643 2530 δεχθέντες]
665 2420 815 2486 Baisamo
837 2421 869 2484 in
894 2419 1066 2484 Commeat.
1086 2421 1126 2485 '0
1146 2417 1185 2484 ιδ’.

155 2508 241 2572 κεἰνιιν
255 2515 308 2570 τῶν
323 2508 412 2590 ἁγίαν
425 2511 567 2578 ἄποςολννν
581 2508 628 2568 καὶ
643 2510 655 2567 i
672 2504 713 2570 ιε’.
729 2507 776 2568 καὶ
791 2511 803 2568 ὅ
818 2504 874 2578 λς’.
889 2509 968 2568 ἀλλὰ
979 2509 1035 2586 μὴν
1049 2506 1098 2568 καὶ
1113 2510 1127 2569 ὁ
1141 2502 1185 2587 ιζ’.

154 2595 202 2656 καὶ
217 2599 230 2655 ὁ
244 2591 288 2668 ιη’.
302 2592 390 2655 κᾶνων
406 2596 452 2666 τῆς
473 2595 499 2654 ἓν
518 2591 679 2676 Ἀντιοχείᾳ
693 2591 815 2671 συνόδου,
830 2592 932 2653 eonas
947 2615 1010 2652 τινα
1026 2589 1184 2674 διαλαμέίι-

154 2704 216 2741 uuor
231 2679 296 2763 trapi
312 2684 365 2740 τῶν
376 2675 604 2762 χειροτονεμένννν
616 2676 779 2755 ἐπισκόπων,
791 2675 838 2753 νιν)
850 2679 888 2760 μὴ
902 2675 1057 2764 δεχομένων
1071 2679 1124 2740 ὑπὸ
1138 2684 1186 2739 τῶν

154 2789 203 2827 ura
221 2771 309 2831 νικιῶν
324 2766 425 2839 αὐτῶν,
440 2763 461 2850 ri,
475 2762 617 2845 ἀνάγνωθι
630 2760 728 2835 ruinas.

200 2789 320 2915 ibid'l.
339 2861 384 2910 10.
406 2848 587 2932 ἕκκῆρνκτες]
605 2847 754 2911 Balsamo
766 2846 866 2910 t—xai
881 2848 999 2927 γίνεθα4
1013 2845 1185 2932 ἒκκῆςνκτνν,

153 2939 192 3016 μὴ
212 2934 304 3021 νοήσῃς
325 2930 540 3013 insufflando,
561 2937 596 3005 εἷς
618 2934 790 3019 καθαίρεσιν,
806 2933 872 2994 ἀλλ’
889 2935 923 3004 εἰς
941 2929 1024 3011 μόνην
1043 2931 1185 2994 ὑπόπῖασιν

153 3025 201 3096 τῆς
214 3023 293 3102 τιμῆς
306 3016 392 3094 τιν’τε,
406 3017 488 3101 ἤγουν
503 3019 560 3080 οὐδὲ
573 3021 647 3099 μετὰ
666 3026 719 3081 τῶν
739 3015 933 3103 πρεσὲντέρινν
954 3021 1089 3093 tradidisti
1104 3019 1185 3094 ἄξια-

152 3108 294 3183 3ἡσοντα4.
326 3103 431 3166 Aliter
446 3102 671 3187 interpretatus
686 3105 826 3166 Zonaras
842 3101 954 3186 est-si,
968 3100 1090 3184 γίνεθαν
1106 3105 1183 3176 ἐκκη-

171 3192 266 3266 ύκτες,
276 3187 372 3260 raris-t
384 3189 406 3273 ’it
418 3193 464 3264 τῆς
477 3187 626 3266 ἐκκλησίας
637 3188 780 3261 inrisisse.
806 3187 977 3272 pericopen
992 3187 1141 3250 similiter
1150 3207 1184 3249 ac

153 3218 295 3340 {onaras
311 3288 475 3359 exponunt
488 3273 657 3337 Aristonus
680 3287 712 3338 et
731 3274 910 3350 Blastares3
933 3271 1045 3338 adhaec
1069 3272 1182 3348 forsan,

153 3359 241 3448 qnod
261 3381 357 3444 supra
374 3372 580 3436 memoratur,
599 3359 630 3421 τὸ
651 3360 827 3445 &pepigisses
847 3357 943 3420 levior
963 3356 1182 3420 excommuni-

153 3447 237 3510 catio
252 3457 312 3523 est,
324 3442 436 3507 eodem
454 3445 590 3520 Zonara,
603 3443 659 3507 sed
675 3444 775 3509 lenius
789 3444 933 3519 fortasse,
945 3443 1120 3519 scribente,
1133 3440 1182 3504 τό·

152 3557 204 3604 τες
218 3536 231 3592 ὁ
246 3531 332 3593 κᾶνων
343 3527 509 3615 ἂφνρῖζεὲνον
523 3529 636 3607 κελεύει,
649 3525 701 3600 dics
710 3533 748 3611 μὴ
761 3533 937 3610 σνντιμῖιῶαν
946 3531 1003 3601 τοῖς
1018 3527 1179 3599 ἐπισκόποις.

153 3619 264 3701 Atque
277 3616 322 3679 ita
333 3614 446 3678 seditio
458 3627 570 3677 contra
605 3615 695 3678 rioris
705 3614 852 3700 paroeciae
867 3613 1058 3698 episcopum
1074 3610 1181 3697 majori

152 3722 248 3793 poena
262 3699 313 3765 hic
329 3699 551 3782 vindicaretur,
564 3635 671 3767 ablato
686 3721 813 3791 quoque
827 3698 1038 3791 presbyterali
1054 3697 1180 3765 honore.

527 3953 690 4021 CANON
719 3954 813 4018 XIX.

196 4125 279 4191 Ibid.
293 4126 379 4190 l.·12.
395 4122 480 4188 “Oros
501 4123 656 4210 παρθενίαν
674 4124 748 4207 &c.]
765 4124 900 4187 Zonarae
917 4122 1180 4188 Commentarius:

47 4220 57 4236 ⁸
151 4215 190 4278 Oi
208 4208 384 4301 raptaretur
403 4209 630 4296 ἑπαγῖελλὸμενοι
645 4207 696 4297 κᾷν
714 4207 803 4296 ἄνδρες
818 4208 879 4289 εἶεν,
894 4207 946 4297 κᾷν
960 4213 1104 4295 γυναῖκες,
1117 4213 1181 4273 ἄθε-
