2678 4756
390 176 608 258 contctn.
637 162 903 299 dissime.
925 163 1005 254 vu.
1158 196 1220 272 105

219 350 332 428 Petrus
344 361 387 426 ab
401 352 559 448 Hippone
573 352 823 447 Diastbytorum
840 354 930 422 dixit.
956 353 1043 420 Cum
1051 348 1221 441 baptisma

173 478 277 535 unttm
299 469 391 534 sitin
413 464 575 532 catholica
594 458 740 546 ecclesia,
755 465 961 530 manifestum
978 477 1106 529 estnon
1127 480 1223 548 posse

173 594 266 644 extra
281 579 450 643 ecclesiam
464 577 631 664 baptizati.
677 574 720 639 Et
740 572 813 638 ideo
834 574 866 638 in
886 571 1000 639 haeresi
1021 574 1138 638 tinctos
1157 571 1222 636 sive

172 691 209 754 in
220 676 396 754 ‘schismate
408 689 570 754 venientes
584 687 625 751 ad
640 684 808 750 ecelesiam
825 702 941 750 censeo
954 682 1111 770 baptizati
1123 702 1222 769 opor-

144 802 258 866 diere.
283 836 287 848 ·

219 897 305 974 'item
324 908 405 974 alius
421 903 541 972 Lucius
557 906 597 971 ab
613 906 737 971 Ausafa
755 901 845 970 dixit.
885 905 1070 968 Secundum
1093 915 1220 968 motum

174 1018 277 1085 animi
292 1020 357 1084 mei
371 1030 403 1083 et
418 1018 548 1104 spiritus
562 1016 675 1095 sancti,
689 1033 762 1080 cum
781 1016 823 1079 sit
836 1028 919 1079 unus
938 1011 1029 1079 Deus
1044 1026 1134 1099 pater
1150 1012 1221 1077 Do·

173 1128 258 1195 nutui
272 1128 373 1194 nostri
387 1116 466 1193 desii
484 1124 619 1204 Christi,
635 1140 668 1190 et
683 1142 765 1189 unus
779 1124 941 1200 Christus,
958 1141 991 1186 et
1008 1144 1072 1188 una
1091 1144 1175 1209 spes,
1190 1133 1223 1186 et

173 1246 261 1304 unus
274 1230 418 1325 spiritus,
435 1244 469 1301 et
484 1246 547 1300 una
562 1236 705 1314 ecclesia,
722 1250 820 1299 unum
837 1234 934 1299 debet
954 1252 1023 1297 esse
1046 1247 1079 1297 et
1099 1231 1224 1320 baptis·

126 1342 167 1408 lb
177 1348 265 1412 ms.
288 1331 332 1411 'm
346 1336 419 1411 ideo
440 1343 525 1424 dice,
541 1343 567 1407 si
589 1342 667 1430 quid
687 1342 729 1407 ab
748 1340 908 1407 hereticis
929 1358 1057 1407 motum
1079 1356 1134 1407 aut
1155 1344 1223 1407 fac-

175 1468 248 1522 tum
264 1454 373 1534 fuerit,
387 1454 525 1518 rescindi
541 1453 669 1533 debere,
687 1465 719 1517 et
738 1468 794 1518 ees
815 1453 871 1540 qui
887 1446 960 1517 inde
971 1452 1105 1518 'veniunt
1119 1452 1152 1522 in
1167 1470 1223 1518 ec-

175 1564 275 1629 clesia
289 1563 501 1648 baptizandos
516 1584 597 1625 esse.
972 1644 975 1649 ⁶

219 1660 307 1737 'item
323 1671 404 1738 alius
417 1662 510 1735 Felix
527 1689 545 1735 a
562 1671 755 1757 Gurgitibus
773 1668 862 1736 dixit.
901 1668 974 1758 Ego
989 1689 1104 1736 censeo
1117 1683 1157 1742 ut
1172 1690 1223 1734 se·

176 1782 321 1846 cundum
344 1792 526 1846 sanctarum
549 1781 776 1868 scripturarum
797 1795 962 1869 praeoepta
981 1781 1163 1866 baptizatus
1184 1780 1227 1844 ab

126 1896 166 1955 is
177 1889 339 1954 haere'ticis
356 1880 467 1954 illicite
482 1903 570 1954 extra
586 1888 765 1967 ecclesiam,
780 1912 854 1954 cum
869 1891 910 1953 ad
925 1887 1093 1954 ecclesiam
1109 1890 1225 1954 confis-

177 2011 260 2086 g'ere
273 1998 421 2079 volucrit,
437 2000 576 2085 gtatiam
591 1999 743 2086 baptismi
757 1996 812 2064 ubi
827 2000 913 2064 licite
934 1998 1029 2064 datur
1047 2014 1226 2085 consequa·

177 2112 243 2172 tur.

222 2207 363 2280 Pusiiius
377 2238 397 2280 a
409 2210 573 2283 bamasba
586 2216 676 2281 dixit.
711 2212 785 2304 Ego
801 2217 898 2282 credo
911 2217 1073 2304 baptisma
1087 2216 1227 2285 salutare

177 2330 244 2388 non
259 2336 331 2389 esse
344 2323 405 2390 nisi
419 2327 451 2391 in
463 2327 603 2391 ¹ecclesia
617 2326 790 2390 catholica.
836 2326 1001 2415 Quicquid
1024 2327 1146 2414 absque
1169 2347 1224 2392 ca·

126 2426 303 2503 coenatica
312 2436 412 2503 fuerit
424 2437 590 2503 'simulatio
605 2451 664 2502 est.

222 2546 388 2615 Salvianus
411 2546 640 2613 a‘GaaaufaIa
665 2544 755 2611 dixit.
794 2540 978 2611 Hareticos
998 2543 1084 2610 nihil
1107 2544 1227 2610 habere

178 2666 325 2737 comtum
347 2668 382 2722 et
401 2659 476 2723 i'de'o
496 2658 537 2722 sd
559 2670 617 2721 nos
637 2655 768 2721 veniunt
782 2669 820 2720 ut
838 2657 962 2742 possint
977 2655 1122 2741 accipere
1137 2653 1226 2744 quod
1306 2715 1310 2727 ,

178 2758 392 2832 nonhabent.
1220 2848 1224 2853 ‚

218 2864 415 2941 'Honoratus
435 2892 456 2940 a
477 2866 612 2940 Thucca
636 2874 728 2939 dixit.
764 2868 851 2938 Cum
869 2872 1020 2938 Christus
1040 2869 1153 2939 veritas
1172 2873 1227 2954 sit,

129 2972 287 3069 wittegis
303 2985 466 3049 veritatem
485 3006 580 3070 quam
602 2983 870 3049 consuetudinem
892 2983 984 3069 sequi
1006 2983 1172 3061 debemus,
1187 2996 1226 3048 ut
1263 3028 1265 3032 -

178 3091 363 3171 hmreticbs
378 3094 435 3180 qui
456 3092 531 3158 ideo
554 3093 594 3156 ad
617 3108 676 3157 nos
696 3092 828 3157 veniunt
845 3093 920 3178 quia
933 3090 1018 3155 ‘foris
1039 3090 1118 3154 nibil
1139 3092 1225 3155 acci·

178 3204 257 3286 pe'n‘e
271 3213 457 3286 potuerunt,
472 3202 618 3265 cccicsite
633 3201 796 3287 baptismo
811 3200 1057 3264 sanctificemus.

217 3302 339 3374 ‘Victor
354 3311 395 3374 ab
408 3303 534 3375 Octavo
553 3310 644 3375 dixit.
681 3309 781 3397 Quod
802 3325 836 3374 et
857 3310 918 3396 ipsi
940 3310 1039 3387 scitis,
1059 3328 1124 3374 non
1144 3306 1223 3375 olim

177 3430 255 3482 sum
270 3418 441 3507 episcopus
456 3420 710 3498 constitutus,·et
730 3418 804 3484 ideo
823 3419 1029 3506 expectabam
1047 3438 1222 3506 pnaecesso-

127 3536 254 3594 borum
278 3529 460 3594 eonsilium.
499 3532 582 3594 'Hoc
606 3531 714 3616 itaque
737 3527 898 3606 existimo,
921 3540 958 3593 ut
980 3529 1165 3616 quicunque
1187 3546 1225 3594 ex

179 3637 297 3702 haeresi
314 3639 457 3703 venerint
471 3641 539 3703 sine
552 3639 653 3703 dubio
667 3638 883 3724 baptizentur.

221 3746 341 3811 Clatus
352 3762 375 3810 a
387 3742 539 3813 Mascuia
551 3746 642 3813 dixit.
666 3746 842 3812 Manifesta
853 3761 902 3811 est
917 3749 1075 3813 sententia
1089 3746 1225 3813 Domini

175 3854 283 3920 nostri
296 3854 514 3922 Jesu'Chm'sti
534 3855 701 3942 apostolos
723 3874 798 3921 suus
815 3858 974 3922 mittentis
996 3873 1029 3923 et
1046 3858 1125 3943 ipsis
1147 3859 1224 3922 solis

177 3977 375 4050 potestatem
401 3990 420 4030 a
445 3981 536 4052 patre
560 3967 621 4030 sibi
643 3967 751 4031 datam
774 3967 999 4051 permittentis,
1023 3968 1140 4053 quibus
1165 3987 1224 4029 nos

178 4074 394 4140 successimus
407 4075 522 4142 eadem
535 4089 698 4161 potestate
712 4076 879 4143 ecclesiam
893 4077 1026 4142 Domini
1038 4077 1222 4163 gubernan-
