2678 4756
306 264 360 375 lN
382 262 609 361 concrum
632 263 866 331 CARTHAG.
1048 219 1133 353 149Ι

64 450 164 518 tum
181 434 241 524 qni
251 435 390 503 decretis
405 437 485 503 olim
501 437 562 503 sub
571 435 765 536 Agrippino,
776 455 834 500 nec
849 454 914 499 non
929 432 963 498 in
975 431 1109 499 Oriente

64 545 133 589 non
148 544 217 589 uno
228 522 304 589 loco
322 523 537 589 conciliariter
555 523 685 588 sancitis
703 520 920 586 adhaerebant.
966 521 1039 584 Imo
1053 538 1110 585 ec·

61 608 167 675 alesia
177 608 361 675 universalis
373 594 411 674 in
425 608 574 674 Concilio
588 609 728 674 Nicaeno
742 605 899 689 Stephani
912 605 1037 692 placitis
1052 603 1110 705 qni

64 716 88 761 a
100 715 286 783 quacunque
300 693 412 761 tmesi
424 694 580 760 vetrientcs
593 693 734 773 admisit,
748 690 932 757 nullatenus
954 703 1089 757 accessit
1097 714 1108 772 3

63 780 227 867 siqnidem
243 780 453 847 Paulianistaa
474 781 516 846 ad
537 779 706 845 ecclesiam
728 776 918 843 accedentes
938 777 1109 865 baptizan-

64 865 126 933 dos
140 865 337 933 decreuerat.
360 867 420 931 Rei
433 879 536 953 gestae
549 865 718 939 historiam
731 862 808 929 alibi
824 863 928 929 fusius
945 861 1109 930 enarrabi-

63 972 151 1023 mus·
176 951 314 1036 (scilicet
331 951 374 1017 ad
396 952 492 1017 finem
513 952 611 1039 hujus
626 949 792 1032 Concilii.)
817 951 980 1015 Fuanns.
1023 950 1111 1017 Sunt

64 1035 202 1124 quidem
208 1037 319 1187 {peius
337 1036 494 1138 Stephani
514 1037 622 1118 verba,
646 1059 667 1103 a
688 1056 871 1124 quocunque
892 1032 1005 1100 taeresi
1019 1033 1109 1101 veni·

63 1132 162 1203 eatae,
176 1144 197 1187 a
240 1122 377 1211 ypriann
390 1145 423 1188 rn
437 1123 608 1211 epistolam
624 1145 716 1188 suam
735 1120 779 1186 ad
790 1118 972 1205 Pompeium
990 1120 1089 1187 relata
1097 1144 1110 1203 ς

63 1228 125 1277 noe
151 1220 261 1275 tamen
294 1208 503 1277 statuendum
533 1209 669 1288 videtur,
706 1207 895 1294 episcopum
923 1206 1110 1275 Romanum

62 1314 180 1373 omnes
194 1292 329 1359 omnino
339 1293 510 1361 hereticos
523 1294 739 1394 qualicunque
753 1291 917 1378 baptismo
928 1291 1110 1378 gaudenter

61 1378 286 1445 admittendos
298 1400 368 1447 esse
382 1379 417 1445 in
429 1381 598 1446 ecclesiam
611 1379 679 1444 sine
694 1379 756 1444 alia
771 1400 853 1442 nova
866 1376 1022 1443 tinctione
1031 1399 1110 1444 ceu·

61 1465 180 1531 suinae.
200 1465 290 1531 Nam
306 1487 347 1530 ex
361 1466 465 1531 verbis
480 1466 578 1532 etiam
592 1464 843 1530 adversariorum
858 1463 1013 1550 Stephani
1032 1462 1110 1547 satis

60 1548 208 1617 ostendit
228 1551 272 1615 cl.
292 1549 502 1617 Constantius
525 1552 559 1617 in
578 1550 715 1615 Dissert.
737 1549 774 1614 de
792 1547 943 1634 Stephani
959 1550 987 1613 Ι.
1006 1552 1111 1636 Papoe

61 1635 219 1703 sententia
227 1634 310 1700 drea
317 1637 518 1722 receptionem
531 1636 757 1714 haereticorum,
769 1656 842 1722 quae
853 1631 1008 1720 Epistolit
1019 1636 1109 1702 Rom.

62 1719 255 1807 Pontificum
267 1722 309 1788 ab
323 1743 364 1787 co
376 1723 495 1788 inserta
505 1736 565 1802 est,
576 1723 616 1788 ad
628 1742 706 1810 pag.
716 1727 890 1799 227-256,
900 1741 1012 1786 eorum
1025 1719 1111 1807 dun·

60 1817 165 1886 taxat,
183 1806 241 1894 qui
259 1807 292 1871 in
307 1807 430 1874 aomina
442 1809 519 1873 Jesu
537 1807 655 1874 Christi
674 1806 830 1894 baptizati
845 1818 964 1886 essent,
983 1807 1110 1894 baptis·

61 1912 159 1957 mum
183 1914 211 1956 a·
232 1892 397 1979 Stephano
421 1893 520 1958 fnisse
546 1907 726 1980 receptum.
751 1904 831 1957 sect.
846 1891 890 1956 xi.
908 1911 942 1991 p.
957 1905 1026 1957 230.
1065 1894 1110 1959 Et

63 1976 227 2064 Opuscnli
248 1979 300 2042 De
319 1977 553 2063 Relaptirmute
572 1993 663 2044 vetus
689 1991 813 2057 auctor,
837 1989 942 2043 aetatrs
961 1976 1109 2064 ejusdem

62 2060 204 2128 fortasse
221 2064 282 2129 scri
306 2076 371 2143 tor,-
384 2065 441 2152 qui
457 2063 612 2150 baptisma
631 2064 741 2129 datum
763 2085 785 2127 α
805 2083 985 2150 quocunque
1002 2060 1036 2126 in
1053 2086 1110 2130 no·

62 2148 150 2213 mite
162 2149 237 2214 Jetu
253 2150 280 2214 0
321 2149 329 2164 ’
343 2149 381 2230 ti,
394 2165 527 2236 propter
540 2150 681 2215 nominis
695 2148 941 2227 invocationem,
956 2167 1110 2235 compro·

62 2233 162 2300 haeae
175 2255 210 2299 se
222 2234 356 2314 indicat,
370 2235 594 2316 adulterinum,
609 2235 698 2322 quod
713 2246 819 2314 vocat,
836 2233 927 2322 immo
944 2232 1110 2299 interneci-

62 2340 143 2385 ntrta
152 2318 308 2409 lqotirma
316 2320 544 2387 hereticorum
557 2320 760 2409 quorundam
775 2319 837 2384 sub
846 2331 1001 2384 tractatus
1012 2319 1110 2387 finem

63 2426 143 2470 ase
162 2420 493 2473 commemoratorum
520 2408 654 2473 minime
675 2405 814 2472 admisit.
863 2403 966 2492 Atqui
988 2405 1111 2472 multos

63 2502 140 2555 mm
158 2489 331 2558 hereticos
348 2492 460 2571 fuisse,
482 2493 593 2580 quiin
615 2493 746 2559 nomine
768 2489 905 2556 Domini
930 2492 1021 2570 Jesu,
1046 2491 1110 2559 hoc

63 2588 130 2656 est,
157 2588 195 2642 nt
245 2577 391 2644 robabile
414 2577 540 2644 videtur
572 2600 640 2643 rem
668 2575 863 2644 intellexisse
895 2576 1109 2662 Stephanum,

63 2660 93 2725 si
120 2660 240 2727 Firmi‘
262 2664 297 2728 ni
320 2664 503 2729 conferatur
526 2663 674 2751 epistola,
700 2663 756 2751 qui
783 2661 817 2725 in
838 2661 970 2726 nomine
990 2674 1109 2728 sanctae

62 2745 242 2827 Trinitatis,
262 2748 351 2815 hand
364 2750 536 2836 tingerent,
558 2771 617 2814 noa
632 2748 752 2813 docent
764 2769 839 2812 cum
856 2746 910 2811 alii
930 2759 1002 2811 tum
1019 2748 1109 2814 Gen·

62 2830 181 2899 mdius
192 2834 418 2913 Massiliensis,
428 2836 480 2901 De
488 2834 641 2900 Ecclesiae
651 2831 873 2922 Dogmatibus,
886 2852 957 2919 cap.
966 2832 1109 2934 lii.p.30.

61 2916 118 2983 od.
143 2919 329 3006 Hamburg.
356 2922 520 2987 recensitis
545 2920 730 2985 nominibus
752 2919 895 3004 ipsarum
915 2916 1112 3000 haresrum3

62 3001 124 3069 ned
137 3016 247 3070 umen
261 3004 303 3071 de
323 3006 486 3077 nonnullis
507 3005 682 3071 earundem
702 3005 820 3069 merito
842 3002 983 3084 dubites,
1000 3026 1110 3079 annon

61 3087 175 3177 potins
188 3090 436 3157 ecclesiasticam
452 3091 638 3178 baptizandi
652 3092 789 3156 formam
805 3101 926 3155 secutae
942 3089 1073 3156 fuerint.

72 3216 75 3223 -
106 3174 145 3238 P.
153 3189 205 3254 91.
219 3175 242 3240 l.
255 3189 285 3241 8.
301 3176 388 3243 Cum
409 3177 443 3243 in
461 3179 578 3262 unum]
601 3177 704 3242 Gesta
723 3175 821 3262 hujus
841 3173 970 3249 concilii
984 3174 1108 3261 primus

47 3259 211 3325 omnium
224 3260 328 3327 edidit
337 3264 492 3329 Erasmus
502 3285 577 3329 cum
592 3261 695 3329 titulis
707 3261 832 3348 gloriae,
847 3259 881 3323 id
893 3271 955 3338 est,
964 3281 1039 3324 cnm
1049 3284 1107 3326 vo·

30 3398 38 3413 .
59 3344 189 3411 cabulis
202 3348 426 3426 confessorum
446 3360 479 3413 et
498 3361 692 3436 martyrum,
712 3369 787 3435 qnae
806 3343 936 3432 praefixa
955 3359 1031 3412 sunt
1048 3369 1108 3412 no·

58 3429 206 3499 minibus
229 3433 446 3520 quorumdam
468 3435 708 3520 episcoporum.
752 3433 826 3497 Hos
852 3428 965 3497 titulos
991 3431 1109 3499 Graeca

44 3516 167 3583 *mio
181 3517 370 3598 nonhabet,
385 3542 426 3585 ne
449 3541 491 3585 ue
511 3518 612 3584 editio
632 3516 846 3584 Morelliana:
869 3537 926 3580 eos
941 3538 1016 3582 vero
1030 3519 1108 3586 satis

56 3612 192 3667 comtat
204 3541 536 3691 nonsoriptoslisiese
554 3606 588 3669 in
601 3605 721 3755 pestis,
740 3603 799 3667 sed
816 3601 943 3667 additos
958 3618 1073 3688 postea
1086 3627 1109 3672 a

59 3684 207 3775 quodam
222 3689 383 3754 studioso.
426 3691 538 3840 guare
551 3690 602 3754 val
624 3689 776 3755 emirum
792 3702 842 3752 est
855 3686 928 3751 illos
944 3688 1042 3761 fuisse
1055 3712 1108 3757 re·

55 3782 171 3841 sentos
181 3773 216 3837 in
228 3773 371 3839 editione
384 3775 425 3841 R.
460 3774 652 3842 .Hardnini.
665 3773 845 3861 Respondit
853 3785 961 3837 antem
976 3789 1107 3843 sanctus

46 3856 269 3944 'Augtrstinus
283 3861 317 3925 in
330 3860 415 3926 libro
426 3875 521 3929 sexto
541 3861 582 3926 de
602 3861 770 3946 Baptismo
785 3858 934 3923 adversus
949 3859 1107 3927 Donatis·
1137 3895 1140 3903 ·
1165 3856 1170 3867 '

58 3952 113 4007 tarr
125 3942 170 4009 ad
182 3964 222 4008 ea
234 3967 308 4032 quae
322 3946 469 4033 episcopi
482 3947 566 4012 ineo
580 3946 719 4012 concilio
729 3943 920 4030 congregati
928 3947 1107 4012 attulerunt

125 4028 358 4095 confirmanda
370 4054 391 4097 o
415 4032 522 4097 inione
541 4055 599 4097 sua
620 4032 662 4097 de
683 4030 846 4116 baptismo
865 4029 1105 4098 haereticornm.

93 4112 200 4182 aderat
213 4115 278 4181 hoc
292 4053 467 4183 concidam
483 4119 687 4185 Humbertus
705 4116 877 4203 episcopua
893 4113 999 4202 Sylvae
1016 4115 1105 4189 Can·

59 4196 161 4299 dide,
185 4202 244 4288 qni
264 4202 324 4268 lib.
340 4203 363 4269 i.
383 4203 534 4271 adversus
546 4203 747 4286 simoniacos
771 4223 843 4300 cap.
858 4201 901 4265 ix.
920 4200 985 4264 ait:
1006 4201 1061 4281 sad
1073 4211 1106 4269 et

57 4282 217 4371 {mena
228 4292 355 4379 martyr
367 4299 400 4358 et
408 4287 745 4446 pontifaasscppriaaur
755 4285 835 4376 quad
842 4283 1106 4392 &lutetiam
