2678 4756
153 282 176 357 ε
419 280 695 371 aasrpurm
723 279 918 348 sauna.

150 448 374 540 presbyterum
389 452 499 518 locum
518 475 612 518 suum
632 473 807 539 agnoscere
823 450 993 539 jussimus.
1039 448 1187 518 Ceteros

107 627 110 631 .
152 580 230 625 oum
248 560 382 647 ingenti·
394 562 506 649 populi
524 561 679 648 suffragio
698 560 886 647 recepimus.
931 557 1050 624 Omnia
1073 571 1185 626 autem

151 668 333 736 remisimus
352 671 428 737 Deo
441 669 668 769 omnipotenti,
682 671 714 735 in
731 669 825 757 cujus
842 679 1001 755 potestate
1019 681 1095 734 sunt
1111 690 1185 735 om·

28 770 32 775 ¹
150 776 204 844 uia
217 793 384 846 reservata.

194 887 279 953 Haec
297 888 409 976 igitur,
425 890 522 956 frater
541 889 715 967 carissime,
732 886 842 951 eadem
864 885 955 966 hora,
974 868 1088 950 ¹eodem
1109 905 1212 976 mma
1268 944 1271 948 ,

150 1011 262 1062 mento
284 997 327 1063 ad
349 1014 391 1078 te,
415 1020 473 1085 per
494 999 613 1086 scripta
635 996 879 1075 transmisimus,
904 1007 937 1060 et
958 994 1185 1082 Nicephorum

109 1191 114 1200 ι
130 1105 338 1194 ‚acolythum
353 1107 546 1172 descendere
561 1106 602 1172 sd
619 1105 833 1192 navigandum
846 1104 1057 1170 destinantem
1072 1102 1185 1168 advos

148 1213 259 1281 statim
272 1214 391 1297 dimisi,
406 1229 445 1282 ut
467 1217 556 1282 nulla
574 1214 860 1302 procrastinatione
878 1214 989 1279 habita
1001 1211 1088 1279 velut
1101 1233 1185 1299 prae·

147 1344 220 1390 sens
244 1323 278 1388 in
301 1324 365 1390 isto
388 1325 475 1389 clero
497 1336 532 1389 et
554 1325 588 1390 in
610 1325 674 1390 isto
694 1321 807 1411 populi
827 1336 916 1387 coetu
938 1325 1012 1389 Deo
1034 1321 1184 1407 omnipo·

146 1432 230 1499 tenti
244 1445 278 1498 et
290 1433 424 1499 Christo
439 1435 585 1499 Domino
598 1447 709 1498 nostro
723 1434 842 1519 gratias
857 1455 980 1520 ageres.
1011 1431 1183 1497 Credimus
1197 1443 1234 1495 ιο

148 1553 256 1606 autem
272 1542 352 1622 fore,
369 1541 548 1630 quinimmo
561 1564 620 1629 pro
635 1556 724 1607 certo
741 1544 813 1630 jam
831 1543 1034 1622 confidimus,
1048 1556 1184 1606 caeteros

145 1670 278 1738 quoque
290 1651 346 1738 qui
360 1650 394 1716 in
409 1651 591 1744 hocerrore
602 1664 679 1718 aaut
688 1651 857 1723 constituti
870 1652 904 1716 in
916 1651 1084 1716 ecclesiam
1095 1648 1185 1715 brevi

146 1780 336 1841 reversuros,
360 1766 436 1826 carru
459 1771 605 1828 auctores
625 1756 701 1827 suos
721 1760 861 1826 'viderint
882 1762 1051 1826 nobiscum
1072 1781 1184 1846 agere.

28 1926 31 1933 .
146 1867 218 1934 Has
232 1868 355 1935 litteras
368 1881 450 1958 puto
465 1884 499 1936 te
513 1870 641 1950 debere,
652 1871 749 1935 frater
763 1869 935 1951 carissime,
950 1882 984 1934 et
997 1868 1038 1935 ad
1051 1880 1185 1934 caeteras

47 1982 50 1986 ’
145 1977 298 2044 ecelesias
310 1979 449 2061 mittere,
461 1991 500 2044 ut
511 2001 624 2045 omnes
636 1979 737 2045 sciant
748 1978 944 2044 schismatici
958 1978 1055 2066 hujus
1070 1977 1231 2042 athas-1⁵

145 2086 237 2154 retici
251 2087 364 2157 dolum
378 2100 412 2154 et
423 2087 714 2176 prevaricationem
733 2088 775 2153 de
795 2088 847 2153 die
865 2089 899 2152 in
918 2087 1005 2153 diem
1024 2084 1181 2151 evacuari.

146 2195 234 2263 Bene
247 2197 328 2276 vale,
342 2198 439 2262 frater
453 2196 624 2262 caristium.
667 2198 759 2257 Extat
777 2200 839 2257 hac
857 2198 1001 2277 Epistola,
1016 2195 1065 2254 ubi
1084 2215 1180 2276 supra,

110 2358 113 2363 .
147 2307 184 2365 ad
196 2324 262 2387 pag.
276 2309 326 2367 60.
338 2327 459 2367 nurnero
471 2315 576 2367 masta
588 2323 673 2365 aava
687 2307 719 2364 ia
731 2305 804 2364 Felli
817 2306 995 2393 autem-edit.
1010 2323 1096 2366 xarx.
1160 2327 1169 2338 ·

489 2542 843 2586 anna-un·-

640 2734 689 2781 EX

362 2894 368 2903 -
402 2861 644 2925 sersaoni>
661 2841 725 2922 no
752 2863 931 2924 siarum

436 3025 684 3071 aNTIOcHENUM
698 3027 900 3072 EPISCOPUM·

151 3165 280 3231 hasmo
292 3186 315 3230 o
328 3167 421 3231 Petro
436 3165 618 3230 Constantio
633 3166 667 3228 in
679 3164 880 3232 editioneauu
894 3165 982 3232 Rom.
997 3165 1182 3253 Pontificum

484 3280 658 3370 Epistulam
670 3282 849 3370 prastaam.
899 3332 902 3337 -
919 3304 922 3310 ·
939 3282 949 3291 ”
970 3276 972 3280 ’

155 3436 182 3496 Ι.
202 3437 356 3500 Quomodo
376 3437 563 3496 Cuniessores
581 3457 600 3493 a
619 3435 786 3494 Novatiano
804 3433 914 3515 decepti
931 3437 1044 3496 fraudes
1061 3435 1121 3516 ejus
1135 3438 1184 3497 de·

151 3540 155 3547 '
195 3541 330 3609 texerint,
344 3550 374 3598 et
387 3540 481 3618 palam
493 3537 631 3597 Ecclesia
645 3548 728 3597 notas
742 3536 871 3597 fecerint.
905 3535 947 3600 ΙΙ.
962 3543 1235 3608 Contra'omnesas

150 3650 154 3657 ’
195 3644 272 3723 leges
286 3624 433 3703 ordinatus
447 3645 643 3731 episcopatum
657 3642 712 3700 sibi
727 3653 852 3720 arrogat.
893 3644 951 3704 III.
972 3646 1048 3704 Cleri
1058 3645 1186 3705 Romani

195 3749 350 3828 populique
369 3747 585 3806 multitudines
606 3748 758 3805 schismate
773 3766 834 3806 non
847 3750 1014 3809 deterretur.
1055 3751 1108 3809 IV.
1127 3751 1185 3810 Ur-

195 3862 282 3930 gsute
305 3852 471 3910 infirmitate
493 3849 621 3909 inlecto
644 3847 774 3928 perfusus
800 3870 850 3910 seu
872 3830 1046 3933 baptizalus,
1067 3855 1187 3914 minime

197 3955 381 4032 consignatus
403 3963 456 4015 est.
496 3953 533 4013 V.
553 3954 764 4013 Persecutionis
788 3966 917 4036 ternpore
937 3957 1134 4036 presbyterum
1155 3978 1186 4017 se

194 4078 302 4136 negare
314 4060 432 4129 mavult,
446 4079 533 4139 quam
544 4059 690 4133 fratribus
698 4061 858 4121 subvenire.
898 4062 951 4121 Vl.
969 4062 1077 4121 Frater
1095 4063 1184 4139 leges,
1196 4077 1242 4132 30

195 4164 272 4224 clera
286 4182 319 4223 ac
332 4165 459 4246 plurimis
480 4165 515 4223 de
532 4163 639 4244 populo
658 4165 908 4239 intercedentibus,
923 4171 1109 4248 pergratiam
1123 4171 1184 4248 epi-
