2678 4756
142 287 207 367 466
305 278 308 283 ’
484 280 845 354 ANNOTATIONts

148 446 368 542 desumptum,
393 452 471 520 dum
494 454 664 522 lectionem
690 452 823 521 ¹alteram
848 454 925 521 editi
951 450 1028 521 iibri
1054 452 1188 522 exhibea

147 541 235 606 bant.
280 541 422 606 Firmant
445 556 554 607 autem
576 541 787 607 mutationem
803 552 918 627 septem
931 552 1088 628 preterea
1102 539 1186 605 codi‘

149 645 196 692 ees
209 623 317 711 scripti
333 625 507 707 Bodloioni,
521 643 619 715 atque
632 629 767 693 Joonnes
780 625 989 692 Antiochenses
1003 627 1051 690 M
1051 626 1137 691 stus.

195 714 228 776 P.
239 726 308 777 sss.
324 712 345 777 1.
361 727 407 777 11.
430 714 480 776 ὑπὸ
498 720 546 790 τῆς
564 714 682 800 χάριτος
699 714 817 802 ῑρῤόθη]
836 711 969 799 Optime
982 724 1077 777 notat
1090 713 1184 776 Joao2

51 830 56 835 ·
148 798 334 864 Johnsonus
359 798 401 863 ad
424 799 598 886 Anglicam
618 821 709 864 suurn
733 801 890 864 &nonum
911 796 1097 875 Varianam,
1119 797 1185 860 Ca-

149 904 265 948 nonem
286 883 372 949 bunc
390 885 495 984 magis
513 885 554 950 ad
573 885 764 964 doctrinam,
779 884 841 950 utl
886 899 1018 963 uantur,
1032 904 1131 970 quem
1145 880 1185 947 ad

148 968 348 1056 disciplinam
373 984 549 1056 pertinere3
573 970 633 1035 nisi
654 986 787 1037 cautum
809 969 866 1035 illu
903 973 943 1035 'eo
959 970 1059 1034 luisse
1079 966 1186 1032 existi·

148 1077 285 1136 memus,
295 1071 331 1120 ut
343 1078 383 1121 ne
395 1057 467 1143 quis
478 1056 680 1122 fornicationi
692 1055 855 1144 patrandae
866 1056 1068 1143 cogitatione
1080 1055 1185 1118 inteo-

148 1154 213 1222 tus‚
227 1143 268 1206 ab
283 1142 337 1207 illa
350 1157 457 1207 tamen
474 1157 625 1222 servatus,
640 1142 680 1207 ad
696 1141 915 1229 poenitentiam
935 1138 1184 1217 eeclesiasticam

149 1228 405 1314 compelleretur,
421 1229 544 1293 etiamsi
559 1228 609 1293 vel
629 1243 705 1294 actu
718 1229 840 1328 aliquo,¹
853 1227 904 1293 vel
917 1249 977 1292 sua
989 1226 1094 1313 ipsius
1108 1245 1183 1288 oon·

149 1315 299 1392 fossione,
319 1329 430 1379 notum
452 1329 536 1380 esset
556 1314 727 1379 consilium
748 1336 830 1403 ejus.
863 1314 917 1378 Sic
934 1311 1000 1377 ille.
1045 1311 1186 1377 Zonaras

149 1416 257 1465 autem
274 1401 305 1464 in
324 1400 492 1472 Commeat.
507 1400 546 1465 ad
561 1401 646 1465 huno
664 1399 831 1465 Cononem
848 1400 882 1464 S.
897 1398 1056 1464 Besilium
1071 1395 1127 1463 M.
1138 1392 1185 1460 tl·

150 1488 212 1551 fert
232 1486 280 1550 vel
303 1487 468 1572 incipienti
493 1500 625 1574 peccato
647 1487 771 1552 debitas
793 1506 904 1573 poenas
924 1484 959 1550 in
980 1504 1109 1549 esnone
1128 1502 1185 1546 ouo

152 1593 269 1637 cxxx.
285 1573 490 1658 irrogantem.
535 1574 586 1638 lta
600 1587 660 1652 est,
675 1585 708 1637 at
728 1585 814 1637 certe
835 1593 930 1636 nemo
952 1591 1099 1657 unquam
1122 1581 1184 1631 tam

150 1680 277 1723 severus
292 1657 364 1736 fuit,
377 1671 415 1722 ut
434 1658 620 1747 hujusmodi
640 1671 809 1745 peccatum
829 1656 1060 1722 tantummodo
1081 1654 1184 1719 animo

149 1744 352 1845 propositum
376 1744 490 1809 eadem
512 1767 607 1831 poena
629 1742 851 1809 vindicandum
875 1755 1033 1822 censeret,
1072 1763 1114 1806 ua
1136 1759 1182 1803 re-

149 1850 220 1918 ipsa
233 1831 420 1895 admissum.
458 1831 583 1896 Interea
597 1830 750 1896 nonnulla
757 1828 805 1895 ad
820 1828 910 1894 initia
923 1765 1082 1916 peccandi
1097 1846 1183 1912 spec·

149 1916 261 1995 tantia,
285 1917 402 1981 iterum
428 1929 524 2004 atque
551 1916 668 1981 iterum
694 1914 802 1981 animo
828 1915 994 1994 volvenda,
1021 1912 1183 1979 admonuit

149 2003 329 2068 Matthaeus
342 2003 500 2067 Blastares
512 2003 543 2066 in
557 2003 581 2067 S
602 2013 765 2090 ntogmote
776 2000 842 2067 Lit.
853 2006 898 2066 ss.
911 2022 983 2088 cap.
998 2000 1061 2066 xvi.
1075 2021 1108 2099 p.
1120 2009 1182 2062 224.

150 2112 169 2153 a
192 2087 237 2153 ud
257 2089 479 2174 Beveregium.
500 2024 689 2154 Harduinus
706 2087 845 2174 denique
861 2088 894 2152 in
908 2108 1015 2174 marg.
1031 2083 1109 2150 edit.
1124 2104 1183 2148 sua

152 2110 356 2240 cinationem
368 2174 519 2240 lectorem
531 2175 654 2263 relegat
664 2174 707 2241 ud
718 2176 752 2242 S.
763 2173 988 2262 Augustinum
998 2173 1105 2238 Serm.
1115 2167 1182 2236 xliii.

150 2260 201 2326 De
217 2260 321 2328 Verbis
336 2260 478 2343 Domini,
492 2282 564 2349 cap.
580 2275 628 2326 12.

552 2460 716 2526 CANON
744 2461 787 2527 V.

194 2595 277 2661 lbid.
291 2596 313 2660 l.
323 2604 376 2659 '13.
392 2597 423 2660 τὸ
440 2594 594 2679 Kopion]
607 2593 790 2658 Articulum
805 2592 913 2658 addidi
927 2615 967 2657 ex
983 2593 1085 2660 tribus
1096 2595 1182 2679 scrip·

153 2683 193 2747 tis
208 2689 257 2746 26.
271 2694 303 2745 et
323 2696 387 2745 158.
401 2694 434 2744 et
448 2696 517 2746 205.
534 2682 732 2766 Zonaraeque
748 2679 1012 2765 interpretatione
1026 2681 1070 2745 ad
1086 2678 1184 2753 Basilii

151 2771 202 2834 M.
220 2767 326 2853 Epist.
343 2766 506 2832 Cononioae
521 2766 687 2830 Cononem
703 2786 767 2830 xx.
789 2767 846 2830 ubi
861 2766 931 2830 haec
944 2767 1184 2834 Neocaesarien·

152 2858 235 2921 sium
253 2856 394 2918 Zonaras
408 2853 526 2916 attulit.
787 2856 792 2862 “

200 2941 284 3004 ibid.
299 2940 321 3002 l.
338 2953 383 3002 14.
406 2941 487 3024 φανῇ]
509 2937 604 3037 Vulgo
626 2939 717 3002 abest
737 2943 817 3023 φανῇ,
835 2937 924 3024 quod
946 2936 1067 3024 legisse
1088 2929 1183 3003 tameir

152 3031 302 3093 hannem
314 3025 459 3089 Antioclr.
476 3038 596 3088 notavit
611 3024 651 3086 ad
666 3045 769 3108 marg.
788 3023 986 3087 Harduinus.
1017 3024 1107 3089 Cum
1121 3045 1185 3088 vero

153 3128 274 3178 extaret
288 3112 418 3175 verbum
434 3111 466 3174 in
478 3109 656 3174 Bodleianis
671 3107 820 3172 codicibus
836 3108 976 3172 omnihus
1015 3123 1111 3174 raeter
1122 3110 1185 3172 duos

153 3201 226 3264 illos
246 3213 311 3262 158.
328 3210 360 3260 et
375 3212 444 3260 205.
459 3210 751 3282 agnoscereturque
766 3194 805 3257 ab
817 3130 1045 3279 interpretilics
1058 3193 1185 3269 Latitis,

154 3287 239 3350 idem
262 3285 295 3347 in
314 3299 436 3346 textum
458 3283 573 3367 recepi.
619 3283 667 3344 Ut
681 3281 747 3344 duo
762 3279 808 3343 illi
822 3280 917 3347 codd.
934 3281 981 3344 sic
996 3283 1139 3346 Zonaras
1151 3279 1186 3344 ad

156 3374 189 3436 S.
205 3370 356 3434 Basilium
373 3368 470 3431 habet
484 3367 626 3454 ἁμαρτάνῃ
642 3389 700 3452 pro
715 3365 882 3451 participio
898 3365 1079 3452 ἁμαρτάνων.

200 3455 282 3519 Ibid.
305 3455 484 3541 ἁμαρτάνων]
500 3454 672 3540 Ἅμάςτημα
695 3452 734 3514 de
757 3465 890 3536 peccato
912 3451 1016 3517 carnis
1040 3450 1185 3600 intelligli·

155 3555 219 3606 tur.
253 3541 379 3604 Nicaen.
405 3541 450 3601 ll.
480 3540 537 3600 lX.
562 3539 655 3602 XlV.
685 3538 887 3600 Haemum.
931 3538 970 3599 In
993 3558 1118 3601 canone
1137 3538 1147 3600 i
1170 3558 1187 3599 o

156 3629 250 3694 XIV.
266 3628 310 3689 ita
324 3640 429 3711 patres
444 3624 592 3688 Nicaeni:
616 3623 686 3708 Περὶ
706 3630 759 3684 τῶν
779 3622 991 3733 κατηζουμένων
1012 3624 1035 3708 ‘i
1060 3649 1187 3710 eropose-

157 3714 269 3790 so'vrom,
286 3710 356 3789 ἔδοξε
377 3717 410 3796 τῇ
432 3710 505 3795 ἁγίᾳ
524 3708 570 3790 καὶ
589 3711 703 3794 μεγάλη
724 3707 836 3794 συνόδῳ,
851 3709 903 3780 dms
921 3715 1002 3793 τριῶν
1024 3713 1092 3772 ἐτῶν
1111 3706 1189 3782 utitis

157 3796 331 3886 euprepiam
352 3796 442 3878 μόνον,
462 3801 644 3877 perdedisse
664 3777 787 3878 εὗχεῶαν
803 3798 876 3875 μετὰ
895 3802 949 3856 τῶν
970 3793 1190 3880 κατηχονμένννν.

160 3887 284 3951 Contra
302 3883 374 3946 illos
395 3893 502 3945 autem
518 3881 696 3967 disputans,
710 3880 764 3965 qui
778 3901 851 3943 cum
867 3878 1027 3943 veteribus
1043 3880 1191 3944 scholias-

158 3975 199 4039 tis
214 3983 329 4056 putant
344 3967 426 4031 duos
441 3967 567 4031 ordines
582 3966 679 4030 fuisse
694 3966 726 4028 in
742 3965 877 4028 ecclesia
889 3963 1192 4030 catechumenorum

158 4056 344 4124 nominibus
358 4053 537 4131 distinctos,
553 4075 691 4139 quorum
712 4051 765 4114 alii
786 4051 967 4115 dicerentur
985 4051 1192 4137 genuflecten-

160 4157 216 4222 tes,
233 4142 286 4206 alii
301 4140 458 4205 audientes
473 4140 536 4202 sive
550 4138 726 4289 ἀκὲοώμνννν,
742 4152 915 4223 utrumque
930 4159 1093 4201 canonem
1108 4137 1198 4202 aliter

160 4228 308 4321 exposuit
322 4225 508 4292 Salmasius.
541 4232 563 4265 ‘⁸
610 4246 694 4290 enon
710 4222 979 4290 Neocaessriensis
998 4223 1192 4312 (inquitille)
