2678 4756
185 299 239 364 IN
259 293 469 362 DlONYSll
493 291 606 358 ROM.
631 287 972 357 FRAGMENTUM.
1037 288 1097 372 187

60 466 129 533 sius
142 465 260 532 exinde
274 478 445 542 memorat,
455 462 551 528 distin
599 460 718 527 endum
730 481 799 525 csse
808 460 965 526 Baroniua
976 472 1100 524 censet:

60 552 116 618 alii
130 551 173 617 de
187 553 247 617 hac
260 559 296 616 're
309 550 470 616 dubitant.
514 550 555 612 Se
600 549 706 632 potior
727 547 820 610 nobis
835 547 957 610 videtur
971 544 1102 610 Batonii

61 638 233 703 sententia.
272 636 379 701 Primo
394 635 480 698 enim
496 633 692 698 Athanasius
708 632 858 719 Dionysii
872 630 1008 695 Romani
1022 651 1103 694 con·

62 736 113 788 tra
125 721 327 787 sabellianos
342 741 425 806 opus
436 718 574 826 simplici
586 717 682 781 verbo
695 716 803 802 ἔγραψε
814 715 961 802 designat
973 739 981 794 3
998 736 1035 779 ac
1045 715 1102 778 de·

60 806 140 873 inde
159 806 282 893 adjicit,
304 804 425 877 ἒπέςειλι
447 806 474 867 δὲ
494 831 517 890 rg
537 802 684 888 Διονυσίῳ,
706 803 763 866 ubi
785 801 949 888 particulae
968 802 995 863 di
1014 802 1035 886 b
1051 799 1102 863 di·

61 892 220 957 stinctum
243 890 320 977 quid
343 903 468 966 notant,
490 889 623 953 verbum
646 886 767 959 ὖπέςειλε
795 884 955 971 epistolam
979 884 1104 969 scripsit

61 977 196 1064 proprie
211 989 315 1054 sonat,
330 996 369 1039 ao
384 976 530 1062 subjecta
544 996 604 1037 vox
621 972 766 1058 Διονυσίῳ,
787 973 840 1035 cui
863 971 1016 1056 inscripta
1035 982 1104 1034 erat

63 1062 206 1148 epistola
229 1060 283 1126 illa
305 1061 436 1125 indicat.
482 1061 558 1143 Ipsa
577 1058 673 1122 etiam
698 1057 806 1120 decori
833 1059 926 1135 ratio,
948 1055 1049 1120 immo
1072 1069 1105 1119 et

63 1145 203 1232 aequitas
219 1147 414 1232 postulabat,
428 1158 465 1208 ut
482 1147 645 1208 Romanus
662 1142 808 1206 Pontifex
826 1155 922 1206 tantae
944 1141 1028 1204 sedis
1047 1162 1104 1203 an·

63 1231 173 1310 tistiti,
194 1231 297 1318 qualia
318 1244 386 1295 erat
406 1229 655 1303 Alexandrinus,
674 1228 755 1291 tanti
770 1227 876 1290 meriti
891 1239 956 1290 tam
981 1248 1021 1289 ue
1036 1237 1105 1288 arta
1203 1268 1205 1271 -

63 1338 144 1380 cum
170 1315 324 1380 Romanis
348 1314 538 1401 praesulibus
561 1312 702 1377 amicitia
727 1311 885 1390 devincto,
910 1249 1012 1398 quilis
1038 1324 1106 1374 erat

64 1401 260 1487 Dionysius,
283 1422 415 1485 eaquae
438 1400 587 1462 adversus
608 1398 699 1461 illum
723 1398 810 1462 dicta
824 1397 961 1474 fuerant,
982 1409 1017 1460 et
1056 1417 1105 1459 uae

65 1484 107 1549 de
123 1486 162 1549 iis
177 1499 263 1550 esset
278 1487 423 1550 Romana
437 1484 606 1562 sententia,
617 1483 745 1567 privatis
756 1483 883 1559 litteris,
896 1505 960 1546 non
975 1418 1106 1567 publico

67 1571 194 1656 scripto
221 1583 297 1635 nota
323 1573 452 1634 faceret.
498 1569 654 1632 Praeterea
681 1568 858 1654 Dionysius
886 1568 1048 1631 Romanus
1073 1566 1106 1631 in

66 1676 167 1741 opere
179 1671 294 1720 contra
305 1655 503 1720 Sabelliauos
515 1675 578 1716 non
592 1675 691 1717 unum
703 1653 897 1739 singularem
906 1653 1107 1738 episcopum,

68 1738 128 1805 sed
144 1739 256 1825 plures
265 1740 450 1827 alloquitur.
494 1737 645 1824 Denique
659 1738 691 1802 in
705 1730 898 1826 Dionysium
915 1759 972 1801 seu
987 1738 1106 1801 Roma·

67 1847 151 1890 num
175 1847 233 1889 seu
257 1824 510 1890 Alexandrinum
534 1822 667 1887 minime
688 1824 836 1887 convenit
857 1822 990 1887 subnexi
1016 1823 1106 1908 frag·

67 1909 171 1974 menti
185 1910 364 1989 exordium,
387 1911 418 1973 in
434 1931 500 1995 quo
515 1908 694 1994 Dionysius
710 1910 872 1972 Romanus
890 1921 953 1972 tres
974 1907 1109 1973 deitates

68 2017 88 2060 a
116 1993 311 2081 quibusdam
339 1995 448 2059 induci
477 1993 642 2079 praefatus,
667 1994 776 2057 statim
802 1992 969 2078 adjungit:
1004 1993 1108 2056 Audio

68 2081 154 2145 enim
184 2080 345 2166 quosdam,
368 2080 423 2166 qui
444 2079 585 2143 divitium
606 2077 730 2142 volum
755 2077 839 2162 opud
859 2099 910 2142 vos
931 2078 1108 2162 praediccnt

70 2176 103 2229 ct
124 2165 244 2244 docem,
267 2165 359 2250 liujus
383 2164 534 2250 opinionis
561 2186 613 2227 mo
639 2164 728 2228 istros
752 2185 825 2226 esse.
868 2164 947 2226 Non
972 2163 1058 2226 enim
1080 2162 1107 2226 is

68 2249 213 2314 amicum
230 2252 318 2337 vagis
336 2272 374 2314 ac
396 2249 601 2336 generalibus
612 2186 803 2335 iujusmodi
824 2247 925 2312 verbis
940 2270 975 2311 ar
1021 2249 1108 2326 ebat,

68 2333 129 2399 sed
151 2334 305 2420 speciales
321 2335 382 2421 ipsi
403 2335 552 2399 mittebat
567 2334 739 2398 sententias
760 2355 799 2397 ex
815 2333 874 2397 scri
900 2333 940 2397 tis
955 2332 977 2397 il
992 2334 1039 2397 ius
1053 2355 1109 2398 ex·

68 2435 210 2506 oerptas,
232 2434 266 2485 et
287 2435 325 2485 ut
345 2441 399 2484 eas
421 2419 601 2505 explanaret
620 2417 824 2483 admonebat.
869 2354 907 2482 fi
930 2418 992 2483 boc
1014 2439 1110 2504 opere

69 2504 252 2592 Dionysius
266 2504 494 2572 Tritlreitarum
518 2504 651 2590 dogma,
668 2506 722 2569 cui
740 2503 976 2568 Alexandrinus
993 2503 1110 2589 praesul

68 2589 178 2655 favere
192 2589 370 2667 videbatur,
391 2591 436 2654 ita
456 2589 585 2667 refellit,
606 2602 642 2653 ut
661 2605 694 2654 et
712 2590 966 2654 Sabellianorum
983 2602 1110 2653 senten·

70 2674 166 2755 tiam,
188 2696 285 2762 quam
314 2674 528 2760 impugnabat
550 2673 636 2738 idem
666 2674 810 2752 antistes,
832 2674 928 2739 simul
951 2676 1109 2739 confutet.

69 2762 185 2847 Fasque
240 2759 316 2825 endi
331 2761 453 2825 ratione
470 2759 693 2824 defensoribus
710 2760 853 2825 ecelesias
873 2781 993 2846 magno
1009 2760 1111 2824 docu-

69 2859 185 2915 mento
244 2846 280 2924 ‘t,
302 2866 369 2931 quo
391 2859 505 2910 contra
526 2844 663 2909 haereses
682 2866 721 2910 ea
740 2845 908 2931 prudentia
923 2845 982 2909 sibi
999 2845 1110 2910 decer·

70 2929 207 3011 tandum
222 2951 292 2995 esse
312 2931 442 3009 scireut,
465 2944 503 2995 ut
524 2943 557 2994 et
576 2930 739 3016 oppositas
759 2953 823 2994 non
840 2930 939 2994 modo
953 2944 1112 3010 caverent,

70 3016 301 3081 verumetiam
324 3014 421 3080 simul
444 3015 652 3080 debellarent.
697 3015 880 3103 fragmenti
901 3014 997 3101 hujus
1019 3016 1112 3080 stilus

69 3098 242 3187 epistolam
262 3100 357 3186 sapit,
381 3114 535 3165 tractatus
556 3123 593 3164 ac
617 3100 857 3187 disceptationis
876 3101 1003 3165 fusioris
1022 3121 1113 3165 more

69 3185 302 3272 conscriptam,
322 3187 435 3272 quales
450 3187 630 3273 Dionysius
644 3186 890 3263 Alexandrinus,
913 3185 1052 3249 scribens
1070 3185 1112 3250 ad

69 3272 230 3359 Xystum,
252 3271 351 3336 fuisse
365 3270 461 3336 docet
475 3272 639 3356 epistolas,
663 3293 743 3357 quas
765 3271 913 3335 adversus
930 3283 1111 3335 nascentem

70 3355 207 3421 Sabellii
229 3355 378 3421 heresim
401 3355 540 3420 utiserat.
583 3356 647 3422 Vel
662 3356 701 3421 ad
717 3378 769 3421 cas
786 3356 995 3454 Pentapoleos
1009 3357 1113 3421 eccle·

70 3441 148 3519 aias,
165 3441 198 3505 in
218 3440 336 3528 quibus
355 3455 426 3506 orta
440 3455 474 3506 et
488 3454 666 3542 propagata
681 3455 749 3506 erat
764 3440 893 3505 Sabellir
909 3440 1048 3518 heresis,
1065 3441 1113 3505 vel

69 3524 115 3591 ad
141 3526 243 3613 ipsam
269 3525 532 3604 Alexandrinam,
556 3549 609 3592 cur
632 3542 770 3613 praeerat
790 3526 978 3625 Dionysius,
1000 3525 1049 3590 vel
1071 3524 1113 3591 ad

68 3611 144 3698 ejus
158 3610 317 3677 delatores
330 3610 540 3697 probabiliter
555 3612 652 3677 missa
665 3628 726 3677 est.
768 3610 823 3675 Ad
840 3611 967 3677 initium
982 3611 1113 3697 pontifi-

70 3708 167 3761 catus
179 3696 332 3784 Dionysii
352 3718 419 3761 una
439 3717 515 3760 cum
538 3698 700 3782 superiore
716 3696 841 3760 videtur
861 3688 1036 3776 referenda,
1059 3711 1114 3762 ut·

70 3792 152 3867 pote
166 3780 219 3844 cui
233 3781 437 3846 occasionem
456 3780 546 3845 dedit
563 3783 737 3860 accusatio,
776 3804 851 3845 uam
872 3781 986 3846 litterae
1008 3783 1114 3870 Xyato

71 3886 168 3952 papas
181 3865 289 3930 missae
301 3878 502 3952 pepererunt.
520 3864 743 3931 Cousrsur.
754 3804 898 3932 ‘induxit
912 3866 975 3932 boc
986 3867 1115 3954 Diony·

72 3950 115 4015 sii
143 3949 362 4037 fragmentum
388 3952 542 4036 praefatus
565 3950 760 4016 Athanasius
783 3952 873 4016 istaec
895 3952 928 4016 in
948 3952 1036 4031 loco,
1058 3954 1115 4040 qui

71 4056 174 4121 supra
181 4049 231 4101 est
242 4057 262 4099 a
273 4034 467 4101 Constantio
480 4035 638 4101 indicatus
647 4034 733 4100 :⁶011
746 4037 773 4100 δὲ
790 4035 931 4120 &aalma
947 4038 993 4100 ili
1006 4038 1073 4101 arlo

71 4124 88 4184 d
103 4126 139 4185 ri
153 4124 219 4186 Θσῧ
234 4120 339 4205 Λόγος,
353 4124 432 4186 ἀλλὰ
444 4119 508 4186 ltro
526 4126 572 4198 τῆς
586 4127 624 4185 rri
638 4123 749 4207 πατρὸς
764 4121 846 4197 dolor
863 4121 986 4207 γέννημα
998 4064 1129 4211 direx,

71 4204 121 4271 ’ὢ
134 4208 251 4288 ‘W‘
265 4205 389 4295 ‘'fl''
408 4213 425 4287 ἢ
445 4207 560 4294 tritt
574 4206 693 4289 ata,
709 4206 751 4273 ἰδὲ
765 4207 788 4295 t
802 4206 990 4323 sortiar
1001 4204 1260 4472 ab·
