2678 4756
324 288 377 356 111
399 287 629 357 coneum
652 285 887 353 cantuae.
1061 297 1121 367 117

77 481 159 548 price
173 459 322 526 restituta
335 469 365 525 et
380 458 471 526 nullo
483 460 665 525 necessitate
679 467 814 546 cogente,
826 456 997 543 episcopus
1012 453 1123 518 omnia

76 568 139 632 pro
154 545 288 619 arbitrio
302 545 433 611 laxaret.
479 548 594 610 Pacem
616 566 701 609 nunc
723 543 866 609 eeclesiae
884 543 1040 607 redditam
1057 541 1122 605 fre·

76 654 181 719 quens
205 631 351 720 synodus
377 631 509 696 indicat.
554 629 801 696 Fortunatianus
830 628 937 714 lapsus
957 625 1121 777 potandam

116 717 237 801 iseopus
253 716 382 795 dicitur,
403 717 513 782 statim
536 718 596 802 Ep.
619 736 706 780 exv.
735 716 931 799 (111111.)
987 731 1120 784 sotus,

111 824 284 889 unusquam
307 803 465 867 Parnelius
483 819 639 888 agnoscat
657 802 815 865 editiones
833 801 974 875 Manutii
989 814 1022 863 et
1041 799 1120 862 Mo·

74 887 159 952 relli'r
173 889 245 954 istic
261 888 382 953 babere
396 888 562 975 quondo-m,
578 887 682 974 magis
703 903 810 951 tamen
831 886 872 966 eix
883 885 1004 972 placuit
1021 883 1119 949 lectio

74 987 219 1038 veterum
237 973 430 1052 editionum,
447 975 478 1038 in
501 974 617 1060 quibus
638 975 794 1058 scriptum
814 987 864 1036 est
882 970 1028 1059 quodum,
1046 990 1119 1036 eam
1148 1042 1156 1060 .

73 1059 224 1123 videlicet
245 1059 291 1123 ob
311 1082 453 1138 eausam,
470 1072 505 1123 ut
527 1059 580 1122 ille
594 1059 649 1136 111,
666 1058 754 1144 quod
776 1058 852 1121 satis
873 1071 999 1121 constet
1013 1078 1052 1120 ex
1067 1076 1118 1119 se-

75 1144 250 1230 quentibus
269 1143 376 1209 adhuc
396 1145 509 1208 vixisse
523 1145 689 1209 Victorem
710 1145 932 1229 presbyterum
954 1163 1028 1205 cum
1048 1142 1118 1228 Cy·

74 1231 206 1314 prianus
221 1229 303 1294 hanc
316 1229 485 1316 epistolam
502 1230 665 1294 scriberet.
710 1229 809 1316 Quod
824 1244 872 1292 est
891 1229 1118 1292 certissimum.

73 1315 197 1379 Verum
213 1337 273 1379 vox
288 1315 445 1402 quondam
463 1338 527 1394 non
547 1314 733 1401 accipienda
755 1331 804 1378 est
826 1315 856 1376 in
880 1314 942 1376 hoc
957 1315 1031 1376 loco
1046 1329 1118 1376 tan·

73 1422 174 1488 quam
188 1400 326 1487 intelligi
340 1401 472 1466 deberet
489 1402 530 1465 de
546 1401 679 1466 homine
697 1401 862 1477 defuncto,
879 1399 933 1464 sed
951 1398 991 1462 de
1006 1421 1046 1462 eo
1062 1398 1118 1483 qui

71 1507 150 1551 cum
165 1487 384 1571 poenitentiam
405 1488 580 1573 accepisset
593 1498 667 1572 post
683 1486 819 1572 lapsum,
834 1485 979 1572 dejectus
994 1497 1064 1548 erat
1077 1484 1119 1550 de

114 1572 178 1636 adu
199 1572 388 1660 presbyteri,
409 1575 492 1636 sicut
512 1573 595 1636 infra
612 1572 715 1658 Epist.
732 1572 804 1636 lxiv.
820 1593 895 1658 pag.
912 1585 977 1635 110.
996 1571 1118 1657 legitur

71 1592 335 1721 llrtunmiamm
350 1658 506 1745 quondam
523 1657 609 1743 opud
627 1679 680 1722 vos
697 1659 882 1743 episcopum.
926 1656 1116 1722 Lectionem

71 1764 171 1829 porro
186 1765 283 1829 quam
300 1766 358 1807 nos
374 1766 560 1808 revocamus
575 1743 727 1807 exhibent
743 1744 815 1807 libri
829 1757 949 1806 veteres
962 1757 995 1806 et
1011 1757 1118 1806 vetus·

72 1827 197 1892 tissima
217 1828 315 1915 hujus
333 1830 479 1915 epistolae
495 1830 597 1893 versio
618 1830 749 1916 Syriaca
765 1851 861 1915 quarn
879 1843 980 1893 servat
996 1828 1116 1891 biblio-

71 1912 169 1977 theca
191 1914 388 1982 serenissimi·
406 1914 509 1979 Ducis
532 1917 557 1978 F
558 1915 714 1993 lorentiae,
729 1917 778 1979 uti
798 1937 862 2000 ego
882 1914 991 1999 accepi
1013 1936 1032 1976 a
1051 1913 1117 1978 viro

71 1997 165 2062 istius
182 1996 304 2085 linguae
328 2013 362 2064 et
379 2002 537 2064 bonarum
561 2002 737 2066 litterarum
782 2001 952 2064 eritissimo
975 1999 1117 2064 Eusebio

72 2083 289 2149 Renaudotio.
332 2086 386 2149 Sic
409 2087 441 2149 111
463 2086 598 2171 epistola
622 2087 735 2150 Felicis
759 2023 853 2170 lapse
876 2085 941 2148 lll.
963 2084 1004 2147 ad
1026 2085 1116 2148 Aca·

70 2169 171 2248 cium,
185 2170 339 2256 quondam
355 2171 520 2256 episcopos,
535 2194 616 2235 nunc
637 2194 705 2235 vero
730 2169 841 2235 leonore
856 2181 887 2235 et
908 2168 1117 2234 communione

68 2254 220 2339 privatos.
266 2259 403 2321 Possunt
425 2259 554 2342 reperiri
576 2258 714 2341 plurima
733 2256 880 2343 exempla
896 2256 1022 2321 similia.
1044 2258 1117 2319 ΒΑ·

72 2361 228 2406 somus.
261 2341 394 2407 Clericis
410 2342 496 2406 baud
512 2343 638 2406 licuisse
653 2344 708 2430 qui
725 2343 946 2428 poenitentiam
961 2343 1116 2427 egissent,

70 2426 212 2511 recipere
233 2426 343 2491 locum
366 2451 460 2491 suum
484 2429 516 2490 111
538 2429 683 2507 ecclesia,
705 2430 781 2492 satis
803 2427 946 2493 ostendit
967 2427 1115 2491 Basilidis

69 2512 253 2596 exemplum
270 2513 302 2576 in
316 2513 428 2578 litteris
445 2514 615 2600 Synodieis
629 2515 775 2599 proxime
790 2531 863 2598 post
878 2514 935 2578 has
951 2513 1114 2598 sequenti·

70 2595 132 2660 bus
147 2613 450 2662 commemoratum.
497 2599 652 2684 idemque
672 2600 764 2663 nobis
784 2598 947 2663 inculcant
966 2622 1040 2662 eum
1059 2598 1116 2662 Ri-

68 2681 190 2767 gsltius
212 2684 307 2747 etiam
330 2685 404 2746 alibi
428 2685 459 2746 111
475 2684 566 2747 Notis
582 2683 624 2746 ud
640 2684 845 2769 Cipriorrzrm,
869 2703 939 2748 tum
961 2684 1115 2771 Albaspi-

69 2789 162 2831 uaeus
180 2767 353 2832 Observott.
369 2769 407 2832 de
425 2767 580 2832 Veteribus
595 2708 715 2835 Ercies.
732 2769 798 2834 Rit.
814 2771 870 2833 lib.
883 2771 914 2833 ii.
930 2791 1001 2856 cap.
1016 2785 1067 2836 31.
1080 2783 1115 2836 et

67 2851 270 2937 Binghamus
281 2854 443 2941 Antiquit.
457 2853 577 2919 Eccles.
593 2855 708 2918 Christ.
722 2856 778 2918 lib.
789 2856 821 2918 ii.
838 2875 867 2919 c.
881 2870 911 2918 2.
929 2857 980 2939 ἕξ.
990 2870 1020 2918 2.
1034 2866 1112 2922 114.

113 2939 148 3002 Ρ.
161 2950 211 3013 74.
227 2938 249 3003 l.
267 2955 314 3004 13.
336 2953 457 3003 temere
471 2941 650 3026 Thetapius
670 2941 796 3025 collega
817 2943 939 3026 noster]
957 2941 1113 3008 Baluzius

66 3023 202 3110 quidem
226 3024 364 3089 duorum
391 3026 546 3089 librorum
572 3040 715 3090 veterum
743 3026 805 3089 fide
828 3028 931 3103 nixus,
953 3048 971 3088 a
994 3028 1111 3112 quibus

66 3109 181 3172 aberat
204 3131 264 3174 vox
290 3121 411 3191 temere,
438 3111 572 3174 eandem
593 3124 637 3175 ut
662 3135 681 3175 a
705 3111 806 3175 sciolo
828 3112 968 3197 quodam
994 3135 1032 3175 ex
1060 3135 1112 3177 se·

64 3194 242 3280 quentibus
257 3195 299 3260 ad
320 3217 395 3282 pag.
413 3196 509 3282 hujus
523 3197 581 3259 lin.
598 3211 647 3260 20.
669 3196 828 3282 adjectam
854 3198 1014 3281 neglexit;
1037 3221 1111 3283 quae

61 3300 142 3344 vcro
156 3279 229 3365 ipso
241 3281 361 3345 fatente
374 3281 440 3345 viro
452 3282 492 3344 cl.
503 3282 534 3344 in
546 3282 691 3366 pluribus
705 3282 863 3345 veteribus
874 3283 1111 3367 exemplaribus

63 3363 164 3428 lectio
180 3365 307 3430 inventa
324 3379 384 3444 est,
401 3365 484 3430 hanc
504 3389 569 3452 ego
590 3368 722 3430 minime
742 3366 969 3430 eliminandam
990 3369 1110 3454 putavi,

61 3451 243 3536 praesertirn
259 3473 334 3515 cum
350 3453 431 3515 bene
447 3453 629 3516 conveniret
645 3452 719 3516 loco
734 3452 938 3516 vocabulum.

110 3535 206 3615 lbid.
217 3536 411 3622 Therapius]
428 3537 608 3624 Episcopus
623 3538 782 3601 Bullensis
804 3538 835 3600 in
857 3538 1019 3623 provincia
1033 3561 1108 3626 pro·

62 3620 237 3685 consulari.
281 3622 413 3707 Duplex
430 3636 537 3698 autem
554 3625 627 3701 fuit,
644 3638 681 3687 ut
699 3624 776 3687 alibi
798 3624 948 3698 dixinms,
963 3624 1058 3690 Bulla
1075 3627 1109 3694 111

62 3727 104 3771 ca
118 3707 292 3791 provincia,
306 3729 370 3771 una
383 3707 470 3771 dicta
484 3709 671 3794 simpliciter
684 3709 899 3794 Bulla,cujus
914 3709 974 3774 iste
987 3711 1110 3778 Thera·

62 3790 140 3877 pius
152 3806 222 3855 erat
235 3793 418 3877 episcopus,
434 3793 496 3856 alia
510 3795 605 3858 Bulla
626 3794 727 3879 regia.
772 3793 919 3858 Concilio
936 3794 1107 3885 Carthagi-

63 3875 156 3940 nensi
174 3878 236 3941 sub
250 3879 401 3942 Genetlio
423 3879 567 3942 interfuit
588 3880 768 3965 Epigonius
789 3882 959 3965 episcopus
974 3882 1107 3947 Bullen-

63 3961 151 4026 sium
171 3962 346 4048 regiorum,
363 3963 528 4028 collationi
544 3987 619 4028 vero
635 3965 884 4051 Carthaginensi·
896 3967 978 4030 iuter
991 3967 1106 4032 catho-

55 4045 146 4113 linos
165 4061 200 4111 et
219 4048 408 4113 Donatistas
426 4049 621 4113 Dominicus
643 4051 813 4136 episcopus
834 4051 1034 4118 Bullensium
1055 4073 1107 4119 re·
1168 4126 1170 4130 ,

61 4131 196 4217 giorum
210 4133 389 4199 catholicus
412 4148 445 4198 et
465 4136 553 4200 Felix
573 4136 758 4216 Donatista,
774 4130 829 4223 qui
849 4139 880 4201 in
895 4137 996 4223 gestis
1013 4158 1105 4203 vocas

61 4231 117 4283 tur
128 4217 319 4307 simpliciter
333 4221 504 4308 episcopus
517 4220 689 4289 Bullensis.
709 4223 922 4299 Butuntos.
949 4268 980 4293 -.,
1047 4275 1050 4279 .
1089 4242 1096 4303 j

564 4320 608 4372 13
