<?xml version="1.0" encoding="UTF-8"?>
<!DOCTYPE html PUBLIC "-//W3C//DTD XHTML 1.0 Transitional//EN"
    "http://www.w3.org/TR/xhtml1/DTD/xhtml1-transitional.dtd">
<html xmlns="http://www.w3.org/1999/xhtml" xml:lang="en" lang="en">
 <head>
  <title>
</title>
<meta http-equiv="Content-Type" content="text/html;charset=utf-8" />
  <meta name='ocr-system' content='tesseract 3.04.00' />
  <meta name='ocr-capabilities' content='ocr_page ocr_carea ocr_par ocr_line ocrx_word'/>
</head>
<body>
  <div class='ocr_page' id='page_1' title='image "./reliquiaesacrae11routgoog_0065.png"; bbox 0 0 2678 4756; ppageno 0'>
   <div class='ocr_carea' id='block_1_1' title="bbox 231 296 944 385">
    <p class='ocr_par' dir='ltr' id='par_1_1' title="bbox 231 296 944 385">
     <span class='ocr_line' id='line_1_1' title="bbox 231 296 944 385; baseline 0.003 -24"><span class='ocrx_word' id='word_1_1' title='bbox 231 296 320 385; x_wconf 28' lang='lat'><em>5⁶,</em></span> <span class='ocrx_word' id='word_1_2' title='bbox 569 296 944 365; x_wconf 78' lang='lat' dir='ltr'><em>ANNOTATmNus·</em></span> 
     </span>
    </p>
   </div>
   <div class='ocr_carea' id='block_1_2' title="bbox 233 462 1268 700">
    <p class='ocr_par' dir='ltr' id='par_1_2' title="bbox 233 462 1268 700">
     <span class='ocr_line' id='line_1_2' title="bbox 233 462 1268 557; baseline 0.001 -30"><span class='ocrx_word' id='word_1_3' title='bbox 233 485 308 551; x_wconf 81' lang='lat' dir='ltr'><em>quos</em></span> <span class='ocrx_word' id='word_1_4' title='bbox 324 463 372 529; x_wconf 86' lang='lat' dir='ltr'><em>ito</em></span> <span class='ocrx_word' id='word_1_5' title='bbox 387 463 535 549; x_wconf 82' lang='lat' dir='ltr'><em>periculis</em></span> <span class='ocrx_word' id='word_1_6' title='bbox 547 488 641 553; x_wconf 86' lang='lat' dir='ltr'><em>quom</em></span> <span class='ocrx_word' id='word_1_7' title='bbox 656 468 832 533; x_wconf 75' lang='lat' dir='ltr'><em>certissimis</em></span> <span class='ocrx_word' id='word_1_8' title='bbox 845 468 1025 557; x_wconf 74' lang='lat' dir='ltr'><em>adstringit,</em></span> <span class='ocrx_word' id='word_1_9' title='bbox 1038 478 1075 533; x_wconf 87' lang='lat' dir='ltr'><em>at</em></span> <span class='ocrx_word' id='word_1_10' title='bbox 1089 462 1268 531; x_wconf 77' lang='lat' dir='ltr'><em>bominibus</em></span> 
     </span>
     <span class='ocr_line' id='line_1_3' title="bbox 233 546 1265 700; baseline 0.005 -89"><span class='ocrx_word' id='word_1_11' title='bbox 233 546 371 645; x_wconf 74' lang='lat' dir='ltr'><em>omuibus</em></span> <span class='ocrx_word' id='word_1_12' title='bbox 389 549 519 646; x_wconf 31' lang='lat' dir='ltr'><em>qai-suli</em></span> <span class='ocrx_word' id='word_1_13' title='bbox 537 574 611 617; x_wconf 87' lang='lat' dir='ltr'><em>caro</em></span> <span class='ocrx_word' id='word_1_14' title='bbox 632 576 733 617; x_wconf 85' lang='lat' dir='ltr'><em>eorum</em></span> <span class='ocrx_word' id='word_1_15' title='bbox 748 565 858 641; x_wconf 81' lang='lat' dir='ltr'><em>agant,</em></span> <span class='ocrx_word' id='word_1_16' title='bbox 872 566 903 619; x_wconf 87' lang='lat' dir='ltr'><em>et</em></span> <span class='ocrx_word' id='word_1_17' title='bbox 921 552 979 617; x_wconf 78' lang='lat' dir='ltr'><em>lieo</em></span> <span class='ocrx_word' id='word_1_18' title='bbox 998 562 1092 700; x_wconf 67' lang='lat' dir='ltr'><em>utpote</em></span> <span class='ocrx_word' id='word_1_19' title='bbox 1106 550 1182 617; x_wconf 85' lang='lat' dir='ltr'><em>illoc</em></span> <span class='ocrx_word' id='word_1_20' title='bbox 1196 550 1265 615; x_wconf 86' lang='lat' dir='ltr'><em>dis·</em></span> 
     </span>
    </p>
   </div>
   <div class='ocr_carea' id='block_1_3' title="bbox 150 634 1280 4273">
    <p class='ocr_par' dir='ltr' id='par_1_3' title="bbox 150 634 1280 4003">
     <span class='ocr_line' id='line_1_4' title="bbox 228 634 1264 725; baseline 0.001 -28"><span class='ocrx_word' id='word_1_21' title='bbox 228 647 330 717; x_wconf 83' lang='lat' dir='ltr'><em>perses</em></span> <span class='ocrx_word' id='word_1_22' title='bbox 342 634 515 722; x_wconf 75' lang='lat' dir='ltr'><em>regionibus</em></span> <span class='ocrx_word' id='word_1_23' title='bbox 529 635 737 723; x_wconf 79' lang='lat' dir='ltr'><em>irfirmontar,</em></span> <span class='ocrx_word' id='word_1_24' title='bbox 747 655 803 725; x_wconf 83' lang='lat' dir='ltr'><em>per</em></span> <span class='ocrx_word' id='word_1_25' title='bbox 815 638 988 724; x_wconf 86' lang='lat' dir='ltr'><em>semetipsos</em></span> <span class='ocrx_word' id='word_1_26' title='bbox 1001 660 1037 701; x_wconf 87' lang='lat' dir='ltr'><em>su</em></span> <span class='ocrx_word' id='word_1_27' title='bbox 1049 637 1159 701; x_wconf 83' lang='lat' dir='ltr'><em>uenire</em></span> <span class='ocrx_word' id='word_1_28' title='bbox 1171 634 1264 705; x_wconf 81' lang='lat' dir='ltr'><em>debe·</em></span> 
     </span>
     <span class='ocr_line' id='line_1_5' title="bbox 150 720 1264 810; baseline 0.003 -29"><span class='ocrx_word' id='word_1_29' title='bbox 150 750 154 755; x_wconf 96' lang='lat'>·</span> <span class='ocrx_word' id='word_1_30' title='bbox 232 729 325 797; x_wconf 85' lang='lat' dir='ltr'><em>reat‚·</em></span> <span class='ocrx_word' id='word_1_31' title='bbox 338 720 414 806; x_wconf 84' lang='lat' dir='ltr'><em>quio</em></span> <span class='ocrx_word' id='word_1_32' title='bbox 427 720 518 785; x_wconf 82' lang='lat' dir='ltr'><em>ceteri</em></span> <span class='ocrx_word' id='word_1_33' title='bbox 535 721 667 787; x_wconf 76' lang='lat' dir='ltr'><em>homiues</em></span> <span class='ocrx_word' id='word_1_34' title='bbox 680 723 807 789; x_wconf 84' lang='lat' dir='ltr'><em>minoris</em></span> <span class='ocrx_word' id='word_1_35' title='bbox 822 722 896 787; x_wconf 81' lang='lat' dir='ltr'><em>cleri</em></span> <span class='ocrx_word' id='word_1_36' title='bbox 911 724 949 787; x_wconf 84' lang='lat' dir='ltr'><em>iis</em></span> <span class='ocrx_word' id='word_1_37' title='bbox 963 722 1018 810; x_wconf 82' lang='lat' dir='ltr'><em>qai</em></span> <span class='ocrx_word' id='word_1_38' title='bbox 1029 720 1264 808; x_wconf 81' lang='lat' dir='ltr'><em>periclitentur,</em></span> 
     </span>
     <span class='ocr_line' id='line_1_6' title="bbox 232 802 1263 894; baseline 0.003 -28"><span class='ocrx_word' id='word_1_39' title='bbox 232 802 286 867; x_wconf 81' lang='lat' dir='ltr'><em>itoc</em></span> <span class='ocrx_word' id='word_1_40' title='bbox 300 802 381 868; x_wconf 84' lang='lat' dir='ltr'><em>idem</em></span> <span class='ocrx_word' id='word_1_41' title='bbox 391 816 547 890; x_wconf 72' lang='lat' dir='ltr'><em>proestare</em></span> <span class='ocrx_word' id='word_1_42' title='bbox 557 831 616 872; x_wconf 83' lang='lat' dir='ltr'><em>aon</em></span> <span class='ocrx_word' id='word_1_43' title='bbox 628 822 766 894; x_wconf 83' lang='lat' dir='ltr'><em>possunt.</em></span> <span class='ocrx_word' id='word_1_44' title='bbox 800 812 842 874; x_wconf 90' lang='lat' dir='ltr'><em>Et</em></span> <span class='ocrx_word' id='word_1_45' title='bbox 856 810 959 873; x_wconf 90' lang='lat' dir='ltr'><em>multe</em></span> <span class='ocrx_word' id='word_1_46' title='bbox 973 808 1089 873; x_wconf 82' lang='lat' dir='ltr'><em>clarius</em></span> <span class='ocrx_word' id='word_1_47' title='bbox 1100 828 1176 893; x_wconf 85' lang='lat' dir='ltr'><em>pag.</em></span> <span class='ocrx_word' id='word_1_48' title='bbox 1192 816 1263 869; x_wconf 80' lang='lat'>1³4.</span> 
     </span>
     <span class='ocr_line' id='line_1_7' title="bbox 230 887 1263 979; baseline 0 -26"><span class='ocrx_word' id='word_1_49' title='bbox 230 888 279 953; x_wconf 91' lang='lat' dir='ltr'><em>Et</em></span> <span class='ocrx_word' id='word_1_50' title='bbox 295 887 360 954; x_wconf 86' lang='lat' dir='ltr'><em>ideo</em></span> <span class='ocrx_word' id='word_1_51' title='bbox 375 913 444 955; x_wconf 81' lang='lat' dir='ltr'><em>carr</em></span> <span class='ocrx_word' id='word_1_52' title='bbox 458 889 543 955; x_wconf 82' lang='lat' dir='ltr'><em>solus</em></span> <span class='ocrx_word' id='word_1_53' title='bbox 556 904 660 959; x_wconf 83' lang='lat' dir='ltr'><em>nostra</em></span> <span class='ocrx_word' id='word_1_54' title='bbox 683 892 715 957; x_wconf 84' lang='lat' dir='ltr'><em>iu</em></span> <span class='ocrx_word' id='word_1_55' title='bbox 738 894 923 979; x_wconf 82' lang='lat' dir='ltr'><em>doptisrrr-ote</em></span> <span class='ocrx_word' id='word_1_56' title='bbox 936 891 1074 979; x_wconf 84' lang='lat' dir='ltr'><em>spiritus,</em></span> <span class='ocrx_word' id='word_1_57' title='bbox 1088 890 1171 979; x_wconf 86' lang='lat' dir='ltr'><em>quod</em></span> <span class='ocrx_word' id='word_1_58' title='bbox 1190 888 1263 975; x_wconf 78' lang='lat' dir='ltr'><em>ple-j</em></span> 
     </span>
     <span class='ocr_line' id='line_1_8' title="bbox 230 974 1263 1072; baseline 0.002 -35"><span class='ocrx_word' id='word_1_59' title='bbox 230 996 361 1072; x_wconf 77' lang='lat' dir='ltr'><em>nemque</em></span> <span class='ocrx_word' id='word_1_60' title='bbox 379 998 448 1039; x_wconf 83' lang='lat' dir='ltr'><em>cam</em></span> <span class='ocrx_word' id='word_1_61' title='bbox 469 975 654 1061; x_wconf 77' lang='lat' dir='ltr'><em>baptismate</em></span> <span class='ocrx_word' id='word_1_62' title='bbox 668 1002 761 1065; x_wconf 82' lang='lat' dir='ltr'><em>oqaae</em></span> <span class='ocrx_word' id='word_1_63' title='bbox 775 980 969 1062; x_wconf 68' lang='lat' dir='ltr'><em>conjunctum</em></span> <span class='ocrx_word' id='word_1_64' title='bbox 982 988 1038 1056; x_wconf 87' lang='lat' dir='ltr'><em>est,</em></span> <span class='ocrx_word' id='word_1_65' title='bbox 1053 978 1094 1041; x_wconf 88' lang='lat' dir='ltr'><em>sit</em></span> <span class='ocrx_word' id='word_1_66' title='bbox 1110 974 1263 1041; x_wconf 83' lang='lat' dir='ltr'><em>constitu-</em></span> 
     </span>
     <span class='ocr_line' id='line_1_9' title="bbox 232 1058 1264 1149; baseline -0.002 -26"><span class='ocrx_word' id='word_1_67' title='bbox 232 1069 278 1139; x_wconf 80' lang='lat' dir='ltr'><em>to,</em></span> <span class='ocrx_word' id='word_1_68' title='bbox 291 1082 319 1123; x_wconf 82' lang='lat' dir='ltr'><em>so</em></span> <span class='ocrx_word' id='word_1_69' title='bbox 332 1061 455 1147; x_wconf 81' lang='lat' dir='ltr'><em>quidem</em></span> <span class='ocrx_word' id='word_1_70' title='bbox 469 1076 527 1145; x_wconf 82' lang='lat' dir='ltr'><em>per</em></span> <span class='ocrx_word' id='word_1_71' title='bbox 540 1085 594 1125; x_wconf 83' lang='lat' dir='ltr'><em>uos</em></span> <span class='ocrx_word' id='word_1_72' title='bbox 608 1062 761 1147; x_wconf 81' lang='lat' dir='ltr'><em>baptismo</em></span> <span class='ocrx_word' id='word_1_73' title='bbox 775 1065 925 1139; x_wconf 85' lang='lat' dir='ltr'><em>trudetur,</em></span> <span class='ocrx_word' id='word_1_74' title='bbox 940 1064 1059 1149; x_wconf 83' lang='lat' dir='ltr'><em>integre</em></span> <span class='ocrx_word' id='word_1_75' title='bbox 1069 1073 1099 1127; x_wconf 86' lang='lat' dir='ltr'><em>et</em></span> <span class='ocrx_word' id='word_1_76' title='bbox 1114 1058 1264 1125; x_wconf 68' lang='lat' dir='ltr'><em>solertem·</em></span> 
     </span>
     <span class='ocr_line' id='line_1_10' title="bbox 231 1144 1266 1293; baseline 0.001 -85"><span class='ocrx_word' id='word_1_77' title='bbox 231 1155 279 1217; x_wconf 85' lang='lat' dir='ltr'><em>ter</em></span> <span class='ocrx_word' id='word_1_78' title='bbox 299 1156 329 1209; x_wconf 89' lang='lat' dir='ltr'><em>et</em></span> <span class='ocrx_word' id='word_1_79' title='bbox 348 1160 406 1293; x_wconf 70' lang='lat' dir='ltr'><em>per</em></span> <span class='ocrx_word' id='word_1_80' title='bbox 427 1147 529 1211; x_wconf 83' lang='lat' dir='ltr'><em>omniu</em></span> <span class='ocrx_word' id='word_1_81' title='bbox 551 1170 624 1233; x_wconf 79' lang='lat' dir='ltr'><em>quae</em></span> <span class='ocrx_word' id='word_1_82' title='bbox 643 1148 759 1235; x_wconf 84' lang='lat' dir='ltr'><em>scripta</em></span> <span class='ocrx_word' id='word_1_83' title='bbox 779 1160 849 1213; x_wconf 80' lang='lat' dir='ltr'><em>sam</em></span> <span class='ocrx_word' id='word_1_84' title='bbox 872 1148 1063 1235; x_wconf 82' lang='lat' dir='ltr'><em>adsignetur,</em></span> <span class='ocrx_word' id='word_1_85' title='bbox 1082 1158 1178 1233; x_wconf 81' lang='lat' dir='ltr'><em>etque</em></span> <span class='ocrx_word' id='word_1_86' title='bbox 1198 1144 1266 1209; x_wconf 84' lang='lat' dir='ltr'><em>siae</em></span> 
     </span>
     <span class='ocr_line' id='line_1_11' title="bbox 230 1228 1280 1317; baseline -0.001 -24"><span class='ocrx_word' id='word_1_87' title='bbox 230 1229 299 1293; x_wconf 82' lang='lat' dir='ltr'><em>tello</em></span> <span class='ocrx_word' id='word_1_88' title='bbox 312 1230 348 1294; x_wconf 83' lang='lat' dir='ltr'><em>ul</em></span> <span class='ocrx_word' id='word_1_89' title='bbox 362 1230 409 1295; x_wconf 88' lang='lat' dir='ltr'><em>ius</em></span> <span class='ocrx_word' id='word_1_90' title='bbox 422 1231 467 1295; x_wconf 86' lang='lat' dir='ltr'><em>rei</em></span> <span class='ocrx_word' id='word_1_91' title='bbox 482 1233 672 1317; x_wconf 74' lang='lat' dir='ltr'><em>separatione</em></span> <span class='ocrx_word' id='word_1_92' title='bbox 688 1234 855 1298; x_wconf 79' lang='lat' dir='ltr'><em>trudatur.-</em></span> <span class='ocrx_word' id='word_1_93' title='bbox 878 1243 933 1296; x_wconf 89' lang='lat' dir='ltr'><em>uat</em></span> <span class='ocrx_word' id='word_1_94' title='bbox 955 1233 983 1295; x_wconf 86' lang='lat' dir='ltr'><em>si</em></span> <span class='ocrx_word' id='word_1_95' title='bbox 1003 1256 1025 1317; x_wconf 83' lang='lat' dir='ltr'><em>e</em></span> <span class='ocrx_word' id='word_1_96' title='bbox 1045 1232 1163 1297; x_wconf 82' lang='lat' dir='ltr'><em>minore</em></span> <span class='ocrx_word' id='word_1_97' title='bbox 1184 1228 1280 1293; x_wconf 85' lang='lat' dir='ltr'><em>clero.</em></span> 
     </span>
     <span class='ocr_line' id='line_1_12' title="bbox 227 1314 1264 1416; baseline -0.002 -37"><span class='ocrx_word' id='word_1_98' title='bbox 227 1330 284 1399; x_wconf 81' lang='lat' dir='ltr'><em>per</em></span> <span class='ocrx_word' id='word_1_99' title='bbox 297 1316 507 1381; x_wconf 82' lang='lat' dir='ltr'><em>necessitatem</em></span> <span class='ocrx_word' id='word_1_100' title='bbox 522 1318 793 1405; x_wconf 83' lang='lat' dir='ltr'><em>truditurufoerit,</em></span> <span class='ocrx_word' id='word_1_101' title='bbox 809 1329 948 1383; x_wconf 84' lang='lat' dir='ltr'><em>eventum</em></span> <span class='ocrx_word' id='word_1_102' title='bbox 961 1328 1182 1416; x_wconf 74' lang='lat' dir='ltr'><em>exspectemus,</em></span> <span class='ocrx_word' id='word_1_103' title='bbox 1195 1314 1264 1379; x_wconf 73' lang='lat' dir='ltr'><em>&amp;a</em></span> 
     </span>
     <span class='ocr_line' id='line_1_13' title="bbox 229 1400 1265 1488; baseline -0.002 -24"><span class='ocrx_word' id='word_1_104' title='bbox 229 1400 285 1464; x_wconf 93' lang='lat' dir='ltr'><em>ubi</em></span> <span class='ocrx_word' id='word_1_105' title='bbox 307 1400 392 1465; x_wconf 90' lang='lat' dir='ltr'><em>vides</em></span> <span class='ocrx_word' id='word_1_106' title='bbox 413 1404 618 1488; x_wconf 88' lang='lat' dir='ltr'><em>presbyteros</em></span> <span class='ocrx_word' id='word_1_107' title='bbox 639 1404 681 1467; x_wconf 88' lang='lat' dir='ltr'><em>ab</em></span> <span class='ocrx_word' id='word_1_108' title='bbox 703 1404 885 1467; x_wconf 89' lang='lat' dir='ltr'><em>hominibus</em></span> <span class='ocrx_word' id='word_1_109' title='bbox 907 1403 1037 1467; x_wconf 81' lang='lat' dir='ltr'><em>minoris</em></span> <span class='ocrx_word' id='word_1_110' title='bbox 1057 1400 1134 1467; x_wconf 88' lang='lat' dir='ltr'><em>cleri</em></span> <span class='ocrx_word' id='word_1_111' title='bbox 1152 1414 1265 1485; x_wconf 90' lang='lat' dir='ltr'><em>aperte</em></span> 
     </span>
     <span class='ocr_line' id='line_1_14' title="bbox 230 1484 1266 1573; baseline -0.001 -25"><span class='ocrx_word' id='word_1_112' title='bbox 230 1484 397 1570; x_wconf 80' lang='lat' dir='ltr'><em>distingui.</em></span> <span class='ocrx_word' id='word_1_113' title='bbox 440 1485 499 1551; x_wconf 88' lang='lat' dir='ltr'><em>Ait</em></span> <span class='ocrx_word' id='word_1_114' title='bbox 512 1486 596 1551; x_wconf 90' lang='lat' dir='ltr'><em>enim</em></span> <span class='ocrx_word' id='word_1_115' title='bbox 612 1488 742 1553; x_wconf 87' lang='lat' dir='ltr'><em>minoris</em></span> <span class='ocrx_word' id='word_1_116' title='bbox 757 1489 831 1553; x_wconf 90' lang='lat' dir='ltr'><em>cleri</em></span> <span class='ocrx_word' id='word_1_117' title='bbox 846 1488 991 1551; x_wconf 89' lang='lat' dir='ltr'><em>homines</em></span> <span class='ocrx_word' id='word_1_118' title='bbox 1004 1488 1176 1573; x_wconf 82' lang='lat' dir='ltr'><em>ingruente</em></span> <span class='ocrx_word' id='word_1_119' title='bbox 1193 1499 1266 1551; x_wconf 80' lang='lat' dir='ltr'><em>tan·</em></span> 
     </span>
     <span class='ocr_line' id='line_1_15' title="bbox 229 1570 1264 1669; baseline -0.002 -36"><span class='ocrx_word' id='word_1_120' title='bbox 229 1584 299 1633; x_wconf 90' lang='lat' dir='ltr'><em>tum</em></span> <span class='ocrx_word' id='word_1_121' title='bbox 316 1570 501 1635; x_wconf 81' lang='lat' dir='ltr'><em>necessitate</em></span> <span class='ocrx_word' id='word_1_122' title='bbox 518 1572 675 1657; x_wconf 89' lang='lat' dir='ltr'><em>baptisma</em></span> <span class='ocrx_word' id='word_1_123' title='bbox 690 1575 857 1637; x_wconf 78' lang='lat' dir='ltr'><em>conferre:</em></span> <span class='ocrx_word' id='word_1_124' title='bbox 880 1570 968 1657; x_wconf 90' lang='lat' dir='ltr'><em>qued</em></span> <span class='ocrx_word' id='word_1_125' title='bbox 988 1572 1082 1669; x_wconf 82' lang='lat' dir='ltr'><em>presb</em></span> <span class='ocrx_word' id='word_1_126' title='bbox 1108 1570 1185 1635; x_wconf 89' lang='lat' dir='ltr'><em>teris</em></span> <span class='ocrx_word' id='word_1_127' title='bbox 1207 1590 1264 1631; x_wconf 89' lang='lat' dir='ltr'><em>ne-</em></span> 
     </span>
     <span class='ocr_line' id='line_1_16' title="bbox 229 1653 1264 1755; baseline -0.001 -38"><span class='ocrx_word' id='word_1_128' title='bbox 229 1676 389 1739; x_wconf 89' lang='lat' dir='ltr'><em>quaquam</em></span> <span class='ocrx_word' id='word_1_129' title='bbox 403 1657 560 1721; x_wconf 89' lang='lat' dir='ltr'><em>convenit.</em></span> <span class='ocrx_word' id='word_1_130' title='bbox 587 1656 723 1739; x_wconf 88' lang='lat' dir='ltr'><em>(Confer</em></span> <span class='ocrx_word' id='word_1_131' title='bbox 737 1657 843 1721; x_wconf 88' lang='lat' dir='ltr'><em>locum</em></span> <span class='ocrx_word' id='word_1_132' title='bbox 860 1658 1020 1755; x_wconf 81' lang='lat' dir='ltr'><em>scriptoris</em></span> <span class='ocrx_word' id='word_1_133' title='bbox 1033 1678 1053 1719; x_wconf 90' lang='lat' dir='ltr'><em>a</em></span> <span class='ocrx_word' id='word_1_134' title='bbox 1097 1653 1264 1719; x_wconf 87' lang='lat' dir='ltr'><em>oustantio</em></span> 
     </span>
     <span class='ocr_line' id='line_1_17' title="bbox 228 1738 1263 1839; baseline -0.001 -37"><span class='ocrx_word' id='word_1_135' title='bbox 228 1739 267 1802; x_wconf 89' lang='lat' dir='ltr'><em>ad</em></span> <span class='ocrx_word' id='word_1_136' title='bbox 284 1738 337 1803; x_wconf 89' lang='lat' dir='ltr'><em>fin.</em></span> <span class='ocrx_word' id='word_1_137' title='bbox 353 1755 437 1805; x_wconf 90' lang='lat' dir='ltr'><em>notae</em></span> <span class='ocrx_word' id='word_1_138' title='bbox 452 1742 484 1805; x_wconf 92' lang='lat' dir='ltr'><em>in</em></span> <span class='ocrx_word' id='word_1_139' title='bbox 505 1744 600 1805; x_wconf 82' lang='lat' dir='ltr'><em>verbe</em></span> <span class='ocrx_word' id='word_1_140' title='bbox 618 1741 740 1819; x_wconf 69' lang='grc' dir='ltr'><strong><em>σοίησας</em></strong></span> <span class='ocrx_word' id='word_1_141' title='bbox 761 1748 818 1829; x_wconf 74' lang='grc' dir='ltr'><em>γὰρ</em></span> <span class='ocrx_word' id='word_1_142' title='bbox 840 1742 950 1839; x_wconf 79' lang='lat' dir='ltr'><em>allati.)</em></span> <span class='ocrx_word' id='word_1_143' title='bbox 974 1742 1185 1805; x_wconf 73' lang='lat' dir='ltr'><em>Vocastus.</em></span> <span class='ocrx_word' id='word_1_144' title='bbox 1231 1738 1263 1801; x_wconf 79' lang='lat' dir='ltr'>A</span> 
     </span>
     <span class='ocr_line' id='line_1_18' title="bbox 227 1824 1278 1891; baseline 0.002 -4"><span class='ocrx_word' id='word_1_145' title='bbox 227 1824 320 1888; x_wconf 90' lang='lat' dir='ltr'><em>litera</em></span> <span class='ocrx_word' id='word_1_146' title='bbox 335 1826 449 1889; x_wconf 86' lang='lat' dir='ltr'><em>Graeca</em></span> <span class='ocrx_word' id='word_1_147' title='bbox 462 1826 610 1891; x_wconf 83' lang='lat' dir='ltr'><em>Valesius</em></span> <span class='ocrx_word' id='word_1_148' title='bbox 632 1826 776 1891; x_wconf 91' lang='lat' dir='ltr'><em>nonnihil</em></span> <span class='ocrx_word' id='word_1_149' title='bbox 797 1827 915 1890; x_wconf 86' lang='lat' dir='ltr'><em>recedit</em></span> <span class='ocrx_word' id='word_1_150' title='bbox 936 1850 968 1889; x_wconf 88' lang='lat' dir='ltr'><em>rn</em></span> <span class='ocrx_word' id='word_1_151' title='bbox 990 1826 1077 1889; x_wconf 89' lang='lat' dir='ltr'><em>huuc</em></span> <span class='ocrx_word' id='word_1_152' title='bbox 1098 1824 1239 1891; x_wconf 86' lang='lat' dir='ltr'><em>modum</em></span> <span class='ocrx_word' id='word_1_153' title='bbox 1252 1848 1278 1889; x_wconf 71' lang='lat' dir='ltr'><em>o.</em></span> 
     </span>
     <span class='ocr_line' id='line_1_19' title="bbox 227 1906 1263 1999; baseline -0.002 -27"><span class='ocrx_word' id='word_1_154' title='bbox 227 1908 292 1973; x_wconf 88' lang='lat' dir='ltr'><em>Nec</em></span> <span class='ocrx_word' id='word_1_155' title='bbox 306 1932 394 1995; x_wconf 85' lang='lat' dir='ltr'><em>qoem</em></span> <span class='ocrx_word' id='word_1_156' title='bbox 419 1933 490 1973; x_wconf 83' lang='lat' dir='ltr'><em>trum</em></span> <span class='ocrx_word' id='word_1_157' title='bbox 505 1934 545 1975; x_wconf 80' lang='lat' dir='ltr'><em>en</em></span> <span class='ocrx_word' id='word_1_158' title='bbox 559 1911 610 1991; x_wconf 74' lang='lat' dir='ltr'><em>tis,</em></span> <span class='ocrx_word' id='word_1_159' title='bbox 626 1913 680 1997; x_wconf 84' lang='lat' dir='ltr'><em>qai</em></span> <span class='ocrx_word' id='word_1_160' title='bbox 693 1923 822 1999; x_wconf 82' lang='lat' dir='ltr'><em>urgente</em></span> <span class='ocrx_word' id='word_1_161' title='bbox 835 1911 866 1975; x_wconf 86' lang='lat' dir='ltr'><em>ai</em></span> <span class='ocrx_word' id='word_1_162' title='bbox 881 1910 978 1974; x_wconf 83' lang='lat' dir='ltr'><em>morbi</em></span> <span class='ocrx_word' id='word_1_163' title='bbox 999 1910 1032 1973; x_wconf 85' lang='lat' dir='ltr'><em>iu</em></span> <span class='ocrx_word' id='word_1_164' title='bbox 1055 1906 1170 1973; x_wconf 84' lang='lat' dir='ltr'><em>lectulo</em></span> <span class='ocrx_word' id='word_1_165' title='bbox 1189 1922 1263 1992; x_wconf 83' lang='lat' dir='ltr'><em>per·</em></span> 
     </span>
     <span class='ocr_line' id='line_1_20' title="bbox 227 1933 1263 2083; baseline 0.001 -27"><span class='ocrx_word' id='word_1_166' title='bbox 227 1994 299 2057; x_wconf 86' lang='lat' dir='ltr'><em>iude</em></span> <span class='ocrx_word' id='word_1_167' title='bbox 312 2018 348 2059; x_wconf 91' lang='lat' dir='ltr'><em>oc</em></span> <span class='ocrx_word' id='word_1_168' title='bbox 369 1933 423 2058; x_wconf 68' lang='lat' dir='ltr'><em>ild</em></span> <span class='ocrx_word' id='word_1_169' title='bbox 439 1995 563 2083; x_wconf 82' lang='lat' dir='ltr'><em>perfusi</em></span> <span class='ocrx_word' id='word_1_170' title='bbox 571 1996 724 2082; x_wconf 82' lang='lat' dir='ltr'><em>fuissent,</em></span> <span class='ocrx_word' id='word_1_171' title='bbox 739 1998 771 2060; x_wconf 87' lang='lat' dir='ltr'><em>irr</em></span> <span class='ocrx_word' id='word_1_172' title='bbox 785 1994 898 2061; x_wconf 84' lang='lat' dir='ltr'><em>clerum</em></span> <span class='ocrx_word' id='word_1_173' title='bbox 913 1994 1037 2058; x_wconf 81' lang='lat' dir='ltr'><em>asserui.</em></span> <span class='ocrx_word' id='word_1_174' title='bbox 1083 1994 1159 2057; x_wconf 87' lang='lat' dir='ltr'><em>Plus</em></span> <span class='ocrx_word' id='word_1_175' title='bbox 1175 1991 1263 2057; x_wconf 89' lang='lat' dir='ltr'><em>enim</em></span> 
     </span>
     <span class='ocr_line' id='line_1_21' title="bbox 225 2076 1264 2167; baseline -0.001 -25"><span class='ocrx_word' id='word_1_176' title='bbox 225 2078 317 2159; x_wconf 91' lang='lat' dir='ltr'><em>illud,</em></span> <span class='ocrx_word' id='word_1_177' title='bbox 339 2103 523 2167; x_wconf 83' lang='lat' dir='ltr'><em>quemquam</em></span> <span class='ocrx_word' id='word_1_178' title='bbox 545 2105 584 2145; x_wconf 81' lang='lat' dir='ltr'><em>ec</em></span> <span class='ocrx_word' id='word_1_179' title='bbox 605 2082 654 2160; x_wconf 85' lang='lat' dir='ltr'><em>iis,</em></span> <span class='ocrx_word' id='word_1_180' title='bbox 669 2082 753 2146; x_wconf 92' lang='lat' dir='ltr'><em>unde</em></span> <span class='ocrx_word' id='word_1_181' title='bbox 773 2082 918 2165; x_wconf 87' lang='lat' dir='ltr'><em>exceptio</em></span> <span class='ocrx_word' id='word_1_182' title='bbox 941 2080 1045 2143; x_wconf 88' lang='lat' dir='ltr'><em>omnis</em></span> <span class='ocrx_word' id='word_1_183' title='bbox 1064 2076 1264 2156; x_wconf 83' lang='lat' dir='ltr'><em>excluditur,</em></span> 
     </span>
     <span class='ocr_line' id='line_1_22' title="bbox 225 2162 1264 2251; baseline -0.004 -22"><span class='ocrx_word' id='word_1_184' title='bbox 225 2186 321 2250; x_wconf 82' lang='lat' dir='ltr'><em>quem</em></span> <span class='ocrx_word' id='word_1_185' title='bbox 336 2164 492 2251; x_wconf 86' lang='lat' dir='ltr'><em>particula</em></span> <span class='ocrx_word' id='word_1_186' title='bbox 506 2168 562 2243; x_wconf 74' lang='lat' dir='ltr'><em>rio,</em></span> <span class='ocrx_word' id='word_1_187' title='bbox 576 2181 669 2229; x_wconf 90' lang='lat' dir='ltr'><em>sonat</em></span> <span class='ocrx_word' id='word_1_188' title='bbox 681 2195 689 2231; x_wconf 71' lang='grc' dir='ltr'><strong><em>ε</em></strong></span> <span class='ocrx_word' id='word_1_189' title='bbox 715 2166 799 2230; x_wconf 86' lang='lat' dir='ltr'><em>sicut</em></span> <span class='ocrx_word' id='word_1_190' title='bbox 812 2164 1040 2251; x_wconf 83' lang='lat' dir='ltr'><em>significantius</em></span> <span class='ocrx_word' id='word_1_191' title='bbox 1055 2162 1181 2249; x_wconf 88' lang='lat' dir='ltr'><em>aliquid</em></span> <span class='ocrx_word' id='word_1_192' title='bbox 1197 2184 1264 2247; x_wconf 81' lang='lat' dir='ltr'><em>prce</em></span> 
     </span>
     <span class='ocr_line' id='line_1_23' title="bbox 225 2246 1263 2336; baseline -0.002 -24"><span class='ocrx_word' id='word_1_193' title='bbox 225 2272 259 2312; x_wconf 89' lang='lat' dir='ltr'><em>se</em></span> <span class='ocrx_word' id='word_1_194' title='bbox 283 2250 343 2312; x_wconf 86' lang='lat' dir='ltr'><em>fert</em></span> <span class='ocrx_word' id='word_1_195' title='bbox 369 2248 402 2312; x_wconf 85' lang='lat' dir='ltr'><em>ia</em></span> <span class='ocrx_word' id='word_1_196' title='bbox 426 2250 562 2334; x_wconf 80' lang='lat' dir='ltr'><em>aliquem</em></span> <span class='ocrx_word' id='word_1_197' title='bbox 586 2250 711 2328; x_wconf 83' lang='lat' dir='ltr'><em>clerum,</em></span> <span class='ocrx_word' id='word_1_198' title='bbox 736 2273 833 2336; x_wconf 88' lang='lat' dir='ltr'><em>quam</em></span> <span class='ocrx_word' id='word_1_199' title='bbox 859 2250 1045 2334; x_wconf 86' lang='lat' dir='ltr'><em>simpliciter</em></span> <span class='ocrx_word' id='word_1_200' title='bbox 1073 2247 1105 2311; x_wconf 83' lang='lat' dir='ltr'><em>io</em></span> <span class='ocrx_word' id='word_1_201' title='bbox 1133 2246 1263 2311; x_wconf 79' lang='lat' dir='ltr'><em>clenom.</em></span> 
     </span>
     <span class='ocr_line' id='line_1_24' title="bbox 224 2330 1263 2421; baseline 0 -24"><span class='ocrx_word' id='word_1_202' title='bbox 224 2333 413 2419; x_wconf 85' lang='lat' dir='ltr'><em>Disciplinae</em></span> <span class='ocrx_word' id='word_1_203' title='bbox 435 2334 532 2419; x_wconf 88' lang='lat' dir='ltr'><em>hujus</em></span> <span class='ocrx_word' id='word_1_204' title='bbox 554 2335 750 2399; x_wconf 87' lang='lat' dir='ltr'><em>severitatem</em></span> <span class='ocrx_word' id='word_1_205' title='bbox 772 2335 936 2421; x_wconf 80' lang='lat' dir='ltr'><em>aliquanto</em></span> <span class='ocrx_word' id='word_1_206' title='bbox 957 2347 1032 2419; x_wconf 89' lang='lat' dir='ltr'><em>post</em></span> <span class='ocrx_word' id='word_1_207' title='bbox 1052 2330 1200 2415; x_wconf 82' lang='lat' dir='ltr'><em>Cornelii</em></span> <span class='ocrx_word' id='word_1_208' title='bbox 1218 2356 1263 2397; x_wconf 76' lang='lat' dir='ltr'><em>te·</em></span> 
     </span>
     <span class='ocr_line' id='line_1_25' title="bbox 224 2416 1265 2502; baseline 0.002 -23"><span class='ocrx_word' id='word_1_209' title='bbox 224 2440 299 2480; x_wconf 87' lang='lat' dir='ltr'><em>vum</em></span> <span class='ocrx_word' id='word_1_210' title='bbox 327 2418 513 2502; x_wconf 88' lang='lat' dir='ltr'><em>temperavit</em></span> <span class='ocrx_word' id='word_1_211' title='bbox 538 2418 795 2482; x_wconf 86' lang='lat' dir='ltr'><em>Neocaesariense</em></span> <span class='ocrx_word' id='word_1_212' title='bbox 822 2418 1005 2496; x_wconf 89' lang='lat' dir='ltr'><em>concilium,</em></span> <span class='ocrx_word' id='word_1_213' title='bbox 1032 2416 1203 2482; x_wconf 86' lang='lat' dir='ltr'><em>hominem</em></span> <span class='ocrx_word' id='word_1_214' title='bbox 1230 2416 1265 2481; x_wconf 88' lang='lat' dir='ltr'><em>iu</em></span> 
     </span>
     <span class='ocr_line' id='line_1_26' title="bbox 223 2501 1265 2589; baseline 0.001 -24"><span class='ocrx_word' id='word_1_215' title='bbox 223 2501 309 2566; x_wconf 87' lang='lat' dir='ltr'><em>lecto</em></span> <span class='ocrx_word' id='word_1_216' title='bbox 323 2502 486 2587; x_wconf 86' lang='lat' dir='ltr'><em>perfusum</em></span> <span class='ocrx_word' id='word_1_217' title='bbox 503 2525 565 2565; x_wconf 92' lang='lat' dir='ltr'><em>non</em></span> <span class='ocrx_word' id='word_1_218' title='bbox 580 2504 621 2566; x_wconf 88' lang='lat' dir='ltr'><em>ab</em></span> <span class='ocrx_word' id='word_1_219' title='bbox 636 2505 723 2566; x_wconf 89' lang='lat' dir='ltr'><em>omni</em></span> <span class='ocrx_word' id='word_1_220' title='bbox 739 2504 813 2566; x_wconf 89' lang='lat' dir='ltr'><em>cleri</em></span> <span class='ocrx_word' id='word_1_221' title='bbox 825 2502 941 2587; x_wconf 85' lang='lat' dir='ltr'><em>gradu,</em></span> <span class='ocrx_word' id='word_1_222' title='bbox 954 2503 1010 2566; x_wconf 91' lang='lat' dir='ltr'><em>sed</em></span> <span class='ocrx_word' id='word_1_223' title='bbox 1025 2525 1044 2565; x_wconf 90' lang='lat' dir='ltr'><em>a</em></span> <span class='ocrx_word' id='word_1_224' title='bbox 1057 2501 1265 2589; x_wconf 88' lang='lat' dir='ltr'><em>presbyterio</em></span> 
     </span>
     <span class='ocr_line' id='line_1_27' title="bbox 223 2586 1263 2671; baseline 0 -22"><span class='ocrx_word' id='word_1_225' title='bbox 223 2587 389 2650; x_wconf 76' lang='lat' dir='ltr'><em>dumtaxat</em></span> <span class='ocrx_word' id='word_1_226' title='bbox 404 2586 594 2665; x_wconf 84' lang='lat' dir='ltr'><em>excludens3</em></span> <span class='ocrx_word' id='word_1_227' title='bbox 617 2589 718 2651; x_wconf 89' lang='lat' dir='ltr'><em>immo</em></span> <span class='ocrx_word' id='word_1_228' title='bbox 739 2610 813 2650; x_wconf 90' lang='lat' dir='ltr'><em>eum</em></span> <span class='ocrx_word' id='word_1_229' title='bbox 835 2587 929 2651; x_wconf 89' lang='lat' dir='ltr'><em>etiam</em></span> <span class='ocrx_word' id='word_1_230' title='bbox 950 2587 991 2651; x_wconf 90' lang='lat' dir='ltr'><em>ad</em></span> <span class='ocrx_word' id='word_1_231' title='bbox 1012 2586 1099 2649; x_wconf 89' lang='lat' dir='ltr'><em>bunc</em></span> <span class='ocrx_word' id='word_1_232' title='bbox 1119 2586 1263 2671; x_wconf 85' lang='lat' dir='ltr'><em>gradum</em></span> 
     </span>
     <span class='ocr_line' id='line_1_28' title="bbox 222 2670 1265 2757; baseline -0.003 -21"><span class='ocrx_word' id='word_1_233' title='bbox 222 2670 355 2755; x_wconf 80' lang='lat' dir='ltr'><em>provehi</em></span> <span class='ocrx_word' id='word_1_234' title='bbox 370 2670 555 2755; x_wconf 88' lang='lat' dir='ltr'><em>permittens</em></span> <span class='ocrx_word' id='word_1_235' title='bbox 573 2683 700 2755; x_wconf 82' lang='lat' dir='ltr'><em>propter</em></span> <span class='ocrx_word' id='word_1_236' title='bbox 720 2694 900 2757; x_wconf 83' lang='lat' dir='ltr'><em>consequens</em></span> <span class='ocrx_word' id='word_1_237' title='bbox 922 2674 987 2756; x_wconf 86' lang='lat' dir='ltr'><em>ejus</em></span> <span class='ocrx_word' id='word_1_238' title='bbox 1007 2670 1149 2734; x_wconf 82' lang='lat' dir='ltr'><em>studium</em></span> <span class='ocrx_word' id='word_1_239' title='bbox 1171 2682 1202 2735; x_wconf 86' lang='lat' dir='ltr'><em>et</em></span> <span class='ocrx_word' id='word_1_240' title='bbox 1214 2670 1265 2757; x_wconf 79' lang='lat' dir='ltr'><em>ji·</em></span> 
     </span>
     <span class='ocr_line' id='line_1_29' title="bbox 223 2754 1266 2842; baseline 0.001 -24"><span class='ocrx_word' id='word_1_241' title='bbox 223 2755 304 2833; x_wconf 85' lang='lat' dir='ltr'><em>dem,</em></span> <span class='ocrx_word' id='word_1_242' title='bbox 326 2754 541 2842; x_wconf 73' lang='lat' dir='ltr'><em>henricumque</em></span> <span class='ocrx_word' id='word_1_243' title='bbox 560 2756 733 2819; x_wconf 85' lang='lat' dir='ltr'><em>raritatem.</em></span> <span class='ocrx_word' id='word_1_244' title='bbox 778 2758 986 2819; x_wconf 86' lang='lat' dir='ltr'><em>Praesenserat</em></span> <span class='ocrx_word' id='word_1_245' title='bbox 1007 2755 1183 2833; x_wconf 83' lang='lat' dir='ltr'><em>Fabianus,</em></span> <span class='ocrx_word' id='word_1_246' title='bbox 1206 2776 1266 2819; x_wconf 88' lang='lat' dir='ltr'><em>seu</em></span> 
     </span>
     <span class='ocr_line' id='line_1_30' title="bbox 222 2839 1263 2927; baseline 0 -24"><span class='ocrx_word' id='word_1_247' title='bbox 222 2840 325 2926; x_wconf 89' lang='lat' dir='ltr'><em>quivis</em></span> <span class='ocrx_word' id='word_1_248' title='bbox 346 2840 427 2903; x_wconf 89' lang='lat' dir='ltr'><em>alius</em></span> <span class='ocrx_word' id='word_1_249' title='bbox 449 2841 621 2905; x_wconf 85' lang='lat' dir='ltr'><em>Novatiani</em></span> <span class='ocrx_word' id='word_1_250' title='bbox 641 2840 814 2917; x_wconf 87' lang='lat' dir='ltr'><em>ordinator,</em></span> <span class='ocrx_word' id='word_1_251' title='bbox 829 2839 1015 2927; x_wconf 88' lang='lat' dir='ltr'><em>hujusmodi</em></span> <span class='ocrx_word' id='word_1_252' title='bbox 1032 2840 1263 2925; x_wconf 88' lang='lat' dir='ltr'><em>exceptionem</em></span> 
     </span>
     <span class='ocr_line' id='line_1_31' title="bbox 221 2924 1266 3010; baseline 0 -21"><span class='ocrx_word' id='word_1_253' title='bbox 221 2946 279 3010; x_wconf 91' lang='lat' dir='ltr'><em>per</em></span> <span class='ocrx_word' id='word_1_254' title='bbox 294 2924 540 2989; x_wconf 85' lang='lat' dir='ltr'><em>ecclesiasticam</em></span> <span class='ocrx_word' id='word_1_255' title='bbox 555 2926 700 3009; x_wconf 87' lang='lat' dir='ltr'><em>regulam</em></span> <span class='ocrx_word' id='word_1_256' title='bbox 715 2926 866 3009; x_wconf 87' lang='lat' dir='ltr'><em>permitti.</em></span> <span class='ocrx_word' id='word_1_257' title='bbox 903 2927 976 2989; x_wconf 88' lang='lat' dir='ltr'><em>Nec</em></span> <span class='ocrx_word' id='word_1_258' title='bbox 991 2937 1113 2987; x_wconf 87' lang='lat' dir='ltr'><em>temere</em></span> <span class='ocrx_word' id='word_1_259' title='bbox 1127 2924 1266 3003; x_wconf 87' lang='lat' dir='ltr'><em>divinat,</em></span> 
     </span>
     <span class='ocr_line' id='line_1_32' title="bbox 222 3008 1264 3107; baseline -0.001 -33"><span class='ocrx_word' id='word_1_260' title='bbox 222 3008 279 3095; x_wconf 93' lang='lat' dir='ltr'><em>qui</em></span> <span class='ocrx_word' id='word_1_261' title='bbox 304 3008 458 3107; x_wconf 88' lang='lat' dir='ltr'><em>episcopo</em></span> <span class='ocrx_word' id='word_1_262' title='bbox 485 3008 561 3071; x_wconf 92' lang='lat' dir='ltr'><em>huie</em></span> <span class='ocrx_word' id='word_1_263' title='bbox 585 3009 723 3076; x_wconf 85' lang='lat' dir='ltr'><em>maxime</em></span> <span class='ocrx_word' id='word_1_264' title='bbox 745 3009 916 3072; x_wconf 87' lang='lat' dir='ltr'><em>Novatiani</em></span> <span class='ocrx_word' id='word_1_265' title='bbox 940 3008 1107 3093; x_wconf 82' lang='lat' dir='ltr'><em>ingenium</em></span> <span class='ocrx_word' id='word_1_266' title='bbox 1132 3024 1170 3073; x_wconf 93' lang='lat' dir='ltr'><em>et</em></span> <span class='ocrx_word' id='word_1_267' title='bbox 1193 3008 1264 3073; x_wconf 88' lang='lat' dir='ltr'><em>elo-</em></span> 
     </span>
     <span class='ocr_line' id='line_1_33' title="bbox 222 3092 1266 3191; baseline -0.001 -33"><span class='ocrx_word' id='word_1_268' title='bbox 222 3110 399 3179; x_wconf 79' lang='lat' dir='ltr'><em>quentiam,</em></span> <span class='ocrx_word' id='word_1_269' title='bbox 414 3117 486 3191; x_wconf 78' lang='lat' dir='ltr'><em>quae</em></span> <span class='ocrx_word' id='word_1_270' title='bbox 501 3093 533 3155; x_wconf 90' lang='lat' dir='ltr'><em>in</em></span> <span class='ocrx_word' id='word_1_271' title='bbox 549 3092 634 3155; x_wconf 92' lang='lat' dir='ltr'><em>illius</em></span> <span class='ocrx_word' id='word_1_272' title='bbox 649 3092 773 3175; x_wconf 88' lang='lat' dir='ltr'><em>scriptis</em></span> <span class='ocrx_word' id='word_1_273' title='bbox 796 3115 832 3155; x_wconf 90' lang='lat' dir='ltr'><em>ac</em></span> <span class='ocrx_word' id='word_1_274' title='bbox 854 3092 1041 3155; x_wconf 88' lang='lat' dir='ltr'><em>nominatim</em></span> <span class='ocrx_word' id='word_1_275' title='bbox 1066 3092 1100 3156; x_wconf 91' lang='lat' dir='ltr'><em>in</em></span> <span class='ocrx_word' id='word_1_276' title='bbox 1122 3092 1266 3177; x_wconf 77' lang='lat' dir='ltr'><em>epistole</em></span> 
     </span>
     <span class='ocr_line' id='line_1_34' title="bbox 221 3176 1265 3323; baseline 0.002 -81"><span class='ocrx_word' id='word_1_277' title='bbox 221 3178 307 3264; x_wconf 87' lang='lat' dir='ltr'><em>apud</em></span> <span class='ocrx_word' id='word_1_278' title='bbox 336 3178 534 3275; x_wconf 74' lang='lat' dir='ltr'><em>Cyprianum</em></span> <span class='ocrx_word' id='word_1_279' title='bbox 557 3192 608 3240; x_wconf 82' lang='lat'><em>31.</em></span> <span class='ocrx_word' id='word_1_280' title='bbox 635 3176 675 3239; x_wconf 92' lang='lat' dir='ltr'><em>ab</em></span> <span class='ocrx_word' id='word_1_281' title='bbox 701 3177 770 3259; x_wconf 92' lang='lat' dir='ltr'><em>ipso</em></span> <span class='ocrx_word' id='word_1_282' title='bbox 797 3178 913 3274; x_wconf 89' lang='lat' dir='ltr'><em>scripta</em></span> <span class='ocrx_word' id='word_1_283' title='bbox 937 3176 1121 3323; x_wconf 67' lang='lat' dir='ltr'><em>suspicitur,</em></span> <span class='ocrx_word' id='word_1_284' title='bbox 1148 3178 1265 3263; x_wconf 89' lang='lat' dir='ltr'><em>placu-</em></span> 
     </span>
     <span class='ocr_line' id='line_1_35' title="bbox 220 3261 1265 3349; baseline 0.001 -22"><span class='ocrx_word' id='word_1_285' title='bbox 220 3264 283 3339; x_wconf 82' lang='lat' dir='ltr'><em>isse</em></span> <span class='ocrx_word' id='word_1_286' title='bbox 307 3276 478 3349; x_wconf 78' lang='lat' dir='ltr'><em>conjectat.</em></span> <span class='ocrx_word' id='word_1_287' title='bbox 523 3261 589 3347; x_wconf 74' lang='lat' dir='ltr'><em>Qui</em></span> <span class='ocrx_word' id='word_1_288' title='bbox 614 3274 720 3323; x_wconf 90' lang='lat' dir='ltr'><em>autem</em></span> <span class='ocrx_word' id='word_1_289' title='bbox 747 3261 919 3324; x_wconf 86' lang='lat' dir='ltr'><em>Novatrani</em></span> <span class='ocrx_word' id='word_1_290' title='bbox 945 3283 981 3323; x_wconf 91' lang='lat' dir='ltr'><em>or</em></span> <span class='ocrx_word' id='word_1_291' title='bbox 1006 3261 1157 3339; x_wconf 91' lang='lat' dir='ltr'><em>inationi,</em></span> <span class='ocrx_word' id='word_1_292' title='bbox 1185 3285 1265 3327; x_wconf 88' lang='lat' dir='ltr'><em>cum</em></span> 
     </span>
     <span class='ocr_line' id='line_1_36' title="bbox 220 3344 1266 3443; baseline 0.002 -33"><span class='ocrx_word' id='word_1_293' title='bbox 220 3347 260 3410; x_wconf 86' lang='lat' dir='ltr'><em>ad</em></span> <span class='ocrx_word' id='word_1_294' title='bbox 286 3346 476 3443; x_wconf 88' lang='lat' dir='ltr'><em>presbyterii</em></span> <span class='ocrx_word' id='word_1_295' title='bbox 498 3346 642 3409; x_wconf 88' lang='lat' dir='ltr'><em>ordinem</em></span> <span class='ocrx_word' id='word_1_296' title='bbox 666 3344 901 3427; x_wconf 86' lang='lat' dir='ltr'><em>proveheretur,</em></span> <span class='ocrx_word' id='word_1_297' title='bbox 922 3344 1186 3423; x_wconf 89' lang='lat' dir='ltr'><em>intercesserunt,</em></span> <span class='ocrx_word' id='word_1_298' title='bbox 1209 3368 1266 3411; x_wconf 85' lang='lat' dir='ltr'><em>eo·</em></span> 
     </span>
     <span class='ocr_line' id='line_1_37' title="bbox 219 3428 1267 3513; baseline 0.002 -19"><span class='ocrx_word' id='word_1_299' title='bbox 219 3432 412 3495; x_wconf 72' lang='lat' dir='ltr'><em>clesusticas</em></span> <span class='ocrx_word' id='word_1_300' title='bbox 434 3429 623 3512; x_wconf 87' lang='lat' dir='ltr'><em>objicientes</em></span> <span class='ocrx_word' id='word_1_301' title='bbox 644 3428 781 3511; x_wconf 85' lang='lat' dir='ltr'><em>regulas,</em></span> <span class='ocrx_word' id='word_1_302' title='bbox 795 3430 908 3511; x_wconf 91' lang='lat' dir='ltr'><em>quibus</em></span> <span class='ocrx_word' id='word_1_303' title='bbox 924 3428 1108 3513; x_wconf 85' lang='lat' dir='ltr'><em>quempiam</em></span> <span class='ocrx_word' id='word_1_304' title='bbox 1125 3432 1161 3503; x_wconf 85' lang='lat' dir='ltr'><em>in</em></span> <span class='ocrx_word' id='word_1_305' title='bbox 1178 3432 1267 3496; x_wconf 88' lang='lat' dir='ltr'><em>lecto</em></span> 
     </span>
     <span class='ocr_line' id='line_1_38' title="bbox 219 3511 1267 3602; baseline 0.003 -24"><span class='ocrx_word' id='word_1_306' title='bbox 219 3514 385 3602; x_wconf 83' lang='lat' dir='ltr'><em>perfusum</em></span> <span class='ocrx_word' id='word_1_307' title='bbox 400 3513 441 3575; x_wconf 90' lang='lat' dir='ltr'><em>ad</em></span> <span class='ocrx_word' id='word_1_308' title='bbox 456 3512 558 3575; x_wconf 91' lang='lat' dir='ltr'><em>ullum</em></span> <span class='ocrx_word' id='word_1_309' title='bbox 576 3511 650 3573; x_wconf 89' lang='lat' dir='ltr'><em>cleri</em></span> <span class='ocrx_word' id='word_1_310' title='bbox 696 3511 806 3573; x_wconf 82' lang='lat' dir='ltr'><em>redum</em></span> <span class='ocrx_word' id='word_1_311' title='bbox 821 3513 938 3575; x_wconf 89' lang='lat' dir='ltr'><em>assumi</em></span> <span class='ocrx_word' id='word_1_312' title='bbox 952 3512 1206 3597; x_wconf 86' lang='lat' dir='ltr'><em>prohibebatur,</em></span> <span class='ocrx_word' id='word_1_313' title='bbox 1222 3516 1267 3581; x_wconf 84' lang='lat' dir='ltr'><em>si-</em></span> 
     </span>
     <span class='ocr_line' id='line_1_39' title="bbox 218 3533 1267 3684; baseline 0.003 -21"><span class='ocrx_word' id='word_1_314' title='bbox 218 3598 289 3663; x_wconf 86' lang='lat' dir='ltr'><em>mili</em></span> <span class='ocrx_word' id='word_1_315' title='bbox 303 3598 425 3663; x_wconf 90' lang='lat' dir='ltr'><em>ratione</em></span> <span class='ocrx_word' id='word_1_316' title='bbox 440 3610 533 3658; x_wconf 85' lang='lat' dir='ltr'><em>antea</em></span> <span class='ocrx_word' id='word_1_317' title='bbox 547 3533 740 3657; x_wconf 69' lang='lat' dir='ltr'><em>intercedere</em></span> <span class='ocrx_word' id='word_1_318' title='bbox 755 3595 938 3672; x_wconf 87' lang='lat' dir='ltr'><em>debuerant,</em></span> <span class='ocrx_word' id='word_1_319' title='bbox 951 3597 975 3658; x_wconf 91' lang='lat' dir='ltr'><em>si</em></span> <span class='ocrx_word' id='word_1_320' title='bbox 992 3596 1079 3659; x_wconf 89' lang='lat' dir='ltr'><em>ullus</em></span> <span class='ocrx_word' id='word_1_321' title='bbox 1093 3598 1123 3663; x_wconf 90' lang='lat' dir='ltr'><em>ei</em></span> <span class='ocrx_word' id='word_1_322' title='bbox 1138 3599 1267 3684; x_wconf 83' lang='lat' dir='ltr'><em>gradus</em></span> 
     </span>
     <span class='ocr_line' id='line_1_40' title="bbox 217 3678 1267 3770; baseline 0.003 -23"><span class='ocrx_word' id='word_1_323' title='bbox 217 3684 354 3749; x_wconf 88' lang='lat' dir='ltr'><em>collatus</em></span> <span class='ocrx_word' id='word_1_324' title='bbox 369 3680 492 3743; x_wconf 85' lang='lat' dir='ltr'><em>fuisset.</em></span> <span class='ocrx_word' id='word_1_325' title='bbox 536 3678 697 3764; x_wconf 71' lang='lat' dir='ltr'><em>Quocirca</em></span> <span class='ocrx_word' id='word_1_326' title='bbox 712 3678 897 3763; x_wconf 85' lang='lat' dir='ltr'><em>presbyterii</em></span> <span class='ocrx_word' id='word_1_327' title='bbox 915 3680 1106 3763; x_wconf 85' lang='lat' dir='ltr'><em>dignitatem</em></span> <span class='ocrx_word' id='word_1_328' title='bbox 1126 3682 1193 3768; x_wconf 90' lang='lat' dir='ltr'><em>ipsi</em></span> <span class='ocrx_word' id='word_1_329' title='bbox 1208 3706 1267 3770; x_wconf 87' lang='lat' dir='ltr'><em>per</em></span> 
     </span>
     <span class='ocr_line' id='line_1_41' title="bbox 216 3761 1267 3845; baseline 0 -12"><span class='ocrx_word' id='word_1_330' title='bbox 216 3768 346 3844; x_wconf 86' lang='lat' dir='ltr'><em>saltum,</em></span> <span class='ocrx_word' id='word_1_331' title='bbox 360 3762 564 3829; x_wconf 83' lang='lat' dir='ltr'><em>inferioribus</em></span> <span class='ocrx_word' id='word_1_332' title='bbox 585 3761 653 3823; x_wconf 88' lang='lat' dir='ltr'><em>aliis</em></span> <span class='ocrx_word' id='word_1_333' title='bbox 671 3762 836 3824; x_wconf 88' lang='lat' dir='ltr'><em>ordinibus</em></span> <span class='ocrx_word' id='word_1_334' title='bbox 857 3762 1267 3845; x_wconf 65' lang='lat' dir='ltr'><em>praetermissis‚&#39;collatam</em></span> 
     </span>
     <span class='ocr_line' id='line_1_42' title="bbox 214 3844 1266 3932; baseline 0.001 -15"><span class='ocrx_word' id='word_1_335' title='bbox 214 3874 285 3918; x_wconf 88' lang='lat' dir='ltr'><em>esse</em></span> <span class='ocrx_word' id='word_1_336' title='bbox 306 3849 455 3915; x_wconf 86' lang='lat' dir='ltr'><em>Valesius</em></span> <span class='ocrx_word' id='word_1_337' title='bbox 476 3861 573 3931; x_wconf 86' lang='lat' dir='ltr'><em>atque</em></span> <span class='ocrx_word' id='word_1_338' title='bbox 594 3846 622 3923; x_wconf 84' lang='lat' dir='ltr'>T</span> <span class='ocrx_word' id='word_1_339' title='bbox 624 3844 817 3909; x_wconf 85' lang='lat' dir='ltr'><em>illemoutius</em></span> <span class='ocrx_word' id='word_1_340' title='bbox 838 3845 920 3927; x_wconf 85' lang='lat' dir='ltr'><em>iude¹</em></span> <span class='ocrx_word' id='word_1_341' title='bbox 934 3847 1124 3932; x_wconf 88' lang='lat' dir='ltr'><em>conjiciunt.</em></span> <span class='ocrx_word' id='word_1_342' title='bbox 1155 3853 1266 3918; x_wconf 89' lang='lat' dir='ltr'><em>Cou-</em></span> 
     </span>
     <span class='ocr_line' id='line_1_43' title="bbox 218 3958 355 4003; baseline -0.044 0"><span class='ocrx_word' id='word_1_343' title='bbox 218 3961 234 4003; x_wconf 91' lang='lat' dir='ltr'><em>s</em></span> <span class='ocrx_word' id='word_1_344' title='bbox 266 3958 355 4001; x_wconf 75' lang='lat' dir='ltr'><em>nur.</em></span> 
     </span>
    </p>

    <p class='ocr_par' dir='ltr' id='par_1_4' title="bbox 212 3959 1269 4273">
     <span class='ocr_line' id='line_1_44' title="bbox 239 3959 1266 4107; baseline -0.002 -20"><span class='ocrx_word' id='word_1_345' title='bbox 239 3959 293 4087; x_wconf 75' lang='lat' dir='ltr'><em>Tl&#39;.</em></span> <span class='ocrx_word' id='word_1_346' title='bbox 309 4036 357 4085; x_wconf 83' lang='lat'><em>14.</em></span> <span class='ocrx_word' id='word_1_347' title='bbox 371 4018 394 4081; x_wconf 92' lang='lat' dir='ltr'><em>l.</em></span> <span class='ocrx_word' id='word_1_348' title='bbox 413 4021 460 4089; x_wconf 84' lang='grc' dir='ltr'><em>Ι16.</em></span> <span class='ocrx_word' id='word_1_349' title='bbox 484 4012 611 4088; x_wconf 76' lang='grc' dir='ltr'><strong><em>ΙΙοῖησας</em></strong></span> <span class='ocrx_word' id='word_1_350' title='bbox 625 4014 682 4094; x_wconf 74' lang='grc' dir='ltr'><em>γὰρ</em></span> <span class='ocrx_word' id='word_1_351' title='bbox 697 4012 747 4082; x_wconf 75' lang='grc' dir='ltr'><em>τὰς</em></span> <span class='ocrx_word' id='word_1_352' title='bbox 761 4012 1011 4093; x_wconf 63' lang='grc' dir='ltr'><em>προσφορὰς-κα)</em></span> <span class='ocrx_word' id='word_1_353' title='bbox 1024 4018 1146 4092; x_wconf 53' lang='lat' dir='ltr'><em>inriti&amp;</em></span> <span class='ocrx_word' id='word_1_354' title='bbox 1161 4024 1266 4107; x_wconf 76' lang='grc' dir='ltr'><strong>τοῦτο]</strong></span> 
     </span>
     <span class='ocr_line' id='line_1_45' title="bbox 213 4092 1267 4195; baseline 0.002 -26"><span class='ocrx_word' id='word_1_355' title='bbox 213 4106 381 4195; x_wconf 86' lang='lat' dir='ltr'><em>Proprium</em></span> <span class='ocrx_word' id='word_1_356' title='bbox 405 4112 474 4163; x_wconf 87' lang='lat' dir='ltr'><em>erat</em></span> <span class='ocrx_word' id='word_1_357' title='bbox 496 4095 671 4181; x_wconf 88' lang='lat' dir='ltr'><em>presbyteri</em></span> <span class='ocrx_word' id='word_1_358' title='bbox 698 4092 848 4170; x_wconf 88' lang='lat' dir='ltr'><em>officium,</em></span> <span class='ocrx_word' id='word_1_359' title='bbox 871 4094 1096 4171; x_wconf 81' lang='lat' dir='ltr'><em>eucharistiam</em></span> <span class='ocrx_word' id='word_1_360' title='bbox 1121 4117 1159 4167; x_wconf 88' lang='lat' dir='ltr'><em>et</em></span> <span class='ocrx_word' id='word_1_361' title='bbox 1181 4106 1267 4171; x_wconf 87' lang='lat' dir='ltr'><em>eali·</em></span> 
     </span>
     <span class='ocr_line' id='line_1_46' title="bbox 212 4176 1269 4273; baseline 0.003 -19"><span class='ocrx_word' id='word_1_362' title='bbox 212 4182 283 4263; x_wconf 81' lang='lat' dir='ltr'><em>cem</em></span> <span class='ocrx_word' id='word_1_363' title='bbox 292 4182 497 4270; x_wconf 63' lang='lat' dir='ltr'><em>[fidelibusin</em></span> <span class='ocrx_word' id='word_1_364' title='bbox 511 4200 626 4265; x_wconf 74' lang='lat' dir='ltr'><em>uranus</em></span> <span class='ocrx_word' id='word_1_365' title='bbox 641 4176 784 4241; x_wconf 79' lang='lat' dir='ltr'><em>tradere:</em></span> <span class='ocrx_word' id='word_1_366' title='bbox 805 4177 902 4263; x_wconf 91' lang='lat' dir='ltr'><em>idque</em></span> <span class='ocrx_word' id='word_1_367' title='bbox 916 4182 1045 4261; x_wconf 61' lang='lat' dir='ltr'><em>{sibber</em></span> <span class='ocrx_word' id='word_1_368' title='bbox 1058 4188 1198 4273; x_wconf 87' lang='lat' dir='ltr'><em>proprie</em></span> <span class='ocrx_word' id='word_1_369' title='bbox 1215 4188 1269 4257; x_wconf 88' lang='lat' dir='ltr'><em>di-</em></span> 
     </span>
    </p>
   </div>
   <div class='ocr_carea' id='block_1_4' title="bbox 0 0 1344 4756">
    <p class='ocr_par' dir='ltr' id='par_1_5' title="bbox 0 0 1344 4756">
     <span class='ocr_line' id='line_1_47' title="bbox 0 0 1344 4756; baseline 0 4"><span class='ocrx_word' id='word_1_370' title='bbox 0 0 1344 4756; x_wconf 95' lang='lat' dir='ltr'><em> </em></span> 
     </span>
    </p>
   </div>
  </div>
 </body>
</html>
