2678 4756
391 278 444 348 IN
467 276 695 347 CONCILIA
718 277 952 346 CARTHAG.
1127 295 1188 369 159

143 471 241 542 eque
255 452 389 517 fortasse
410 464 535 517 certum
558 465 618 530 est,
640 449 794 538 quicquid
816 449 931 515 dixerit
952 448 1189 516 aut'Coustan-

144 542 224 620 tius,
236 551 293 603 aut
304 539 471 615 Marsuas,
485 536 639 623 Stephani
654 537 748 601 verba
761 535 1024 617 confirmationis,
1037 558 1094 600 seu
1107 558 1187 601 con-

144 623 349 712 signationis,
363 623 474 701 ritum,
490 645 556 708 quo
576 623 671 687 datur
685 620 823 707 Spiritus
838 622 986 699 Sanctus,
1002 622 1187 702 exclusisse,

144 732 186 775 ac
217 710 339 774 clarum
365 723 415 773 est
444 707 638 795 quandoque
667 707 817 770 statuisse
842 706 1010 770 ecclesiam
1036 722 1188 787 veterem,

145 809 299 881 oportere
314 794 493 872 baereticos,
517 794 574 878 qui
594 792 635 856 ad
649 791 816 855 ecclesiam
835 814 1000 877 nunquam
1018 793 1191 878 pertinuis-

145 893 233 959 sent,
256 900 312 964 per
328 879 427 943 ritum
443 880 540 943 istum
556 877 820 953 confirmationis,
840 877 959 941 collato
976 877 1009 941 in
1029 876 1103 942 illos
1116 878 1191 964 Spi-

145 966 214 1029 ritu
236 965 367 1042 Sanct0,
389 964 429 1027 ad
448 963 711 1028 communionem
730 962 868 1026 admitti.
912 961 1040 1026 Videsis
1055 985 1128 1049 quae
1147 964 1190 1030 ad
1207 982 1208 987 ’

147 1050 315 1115 Coacta.
330 1069 384 1113 vr.
401 1071 497 1146 supra
513 1049 675 1126 dicuntur,
699 1070 730 1134 p.
742 1061 808 1111 14⁵.
831 1070 869 1111 ac
891 1047 1068 1131 presertim
1090 1071 1189 1112 cauo·

147 1156 223 1200 nem
246 1135 337 1199 illum
356 1134 486 1198 Concilii
500 1133 627 1198 Arelat.
650 1155 726 1197 cum
749 1131 911 1218 Suffragia
934 1133 1049 1218 quinto
1072 1133 1190 1199 horum

145 1219 324 1306 praesulum
339 1220 505 1284 collatum.
539 1217 639 1283 Cous.
660 1232 694 1282 et
716 1217 798 1282 Can.
815 1218 865 1282 vii.
887 1216 1027 1281 Concilii
1047 1218 1146 1283 CPol.
1164 1240 1191 1284 1.

146 1304 239 1392 apud
254 1306 414 1371 Zonararn
430 1305 512 1369 infra
527 1304 567 1368 ad
583 1326 614 1390 p.
631 1317 697 1379 173.

194 1392 231 1455 P.
240 1404 293 1468 95.
307 1391 331 1455 l.
346 1403 393 1454 18.
408 1389 604 1474 Munnulus]
630 1391 668 1453 ln
689 1387 762 1454 cod.
777 1389 956 1453 Veronensi
977 1390 1020 1454 ab
1041 1389 1103 1454 hoc
1122 1389 1191 1476 epi-

146 1496 254 1562 scopo
274 1497 386 1540 omnes
408 1475 475 1539 fere
496 1474 647 1560 deinceps
670 1473 814 1560 episcopi
838 1475 1002 1539 sententiis
1021 1476 1087 1541 suis
1110 1475 1193 1540 hanc

146 1560 324 1627 formulam
340 1560 553 1646 praemittunt,
570 1581 612 1624 ru
636 1581 743 1636 raes,
768 1581 840 1645 quae
859 1559 893 1623 in
911 1561 1057 1625 Foxiensi
1080 1561 1194 1628 nullibi

147 1648 181 1712 le
207 1646 281 1711 itur.
307 1646 420 1726 (Cons.
436 1645 473 1711 Ri
500 1646 558 1710 alt.
569 1645 661 1723 infra,
672 1667 703 1729 p.
717 1650 783 1708 163.
821 1642 852 1709 ui
866 1645 911 1708 ait
926 1645 1011 1709 idem
1024 1647 1146 1711 factum
1160 1649 1193 1712 in

196 1732 230 1796 S.
246 1729 420 1823 corbeiensi
439 1667 562 1796 affatio
581 1729 734 1816 episcopo
754 1731 787 1793 in
797 1667 943 1816 sSuffrag.
960 1732 1026 1795 fere
1041 1733 1193 1805 omnibus

151 1816 311 1903 usquead
327 1816 449 1900 finem.)
476 1817 706 1881 Rtaatrrus.
748 1816 802 1878 De
818 1815 981 1881 Mannulo
996 1818 1118 1881 mentio
1135 1818 1193 1881 ha-

150 1904 248 1968 betur
266 1904 327 1988 Ep.
342 1900 382 1965 ad
401 1900 589 1967 Cornelium
612 1900 750 1965 Concilii
773 1900 915 1978 nomine,
935 1901 977 1965 de
996 1924 1076 1988 pace
1097 1903 1193 1989 lapsis

149 1986 261 2059 danda·
277 1991 385 2073 (supra
400 1987 441 2050 ad
455 2006 532 2082 pag.
544 1988 608 2067 69.)
629 1989 652 2050 F
655 2007 789 2051 sinus.
823 1987 1004 2051 Munnulus
1015 2009 1078 2073 pro
1093 1990 1193 2052 Mon-

149 2073 232 2139 nulo
243 2072 275 2137 in
284 2073 332 2136 ed.
345 2070 528 2136 Balaramna
541 2085 638 2150 extat,
651 2087 685 2135 et
700 2070 888 2135 Harduinus
902 2071 934 2135 in
948 2072 997 2137 ed.
1013 2095 1070 2136 sua
1086 2073 1194 2136 Conci-

151 2158 268 2223 liornm
288 2159 344 2236 ait,
367 2165 389 2198 “
406 2170 493 2223 recte
508 2159 585 2221 MS.
599 2167 700 2221 noster
719 2155 879 2221 Munulus
896 2157 967 2240 (sic)
985 2159 1153 2222 aGirba.”

196 2242 282 2309 Ibid.
297 2243 321 2307 l.
335 2257 385 2306 20.
401 2242 604 2328 baptismatis
620 2242 775 2325 trinitate]
792 2241 880 2327 Quia
893 2243 976 2306 trina
990 2243 1196 2309 immersione

150 2328 383 2415 expediebatur
393 2352 403 2406 ;
427 2329 558 2392 nomine
574 2327 685 2406 PatriS,
707 2327 777 2390 Filii
796 2341 830 2390 et
848 2327 882 2390 S.
896 2328 1045 2413 Spiritus.
1059 2330 1196 2394 Tertull.

129 2414 193 2479 de
210 2413 342 2486 Corona
363 2414 418 2479 ait.
443 2415 503 2478 Ter
523 2411 739 2498 mergitamur.
761 2411 899 2477 Basilius
922 2413 963 2476 de
983 2415 1039 2500 Sp.
1055 2415 1089 2478 S.
1104 2428 1195 2492 may.

153 2514 247 2564 vocat
260 2499 524 2582 τρὶςβαπῖζεσθαι.
547 2499 599 2562 De
612 2497 671 2562 hac
682 2519 716 2561 re
727 2497 891 2561 videantur
904 2497 1018 2585 Cyrill.
1030 2501 1196 2566 Hierosol.

151 2584 278 2657 Athan.
292 2584 447 2649 Ambros.
464 2596 498 2650 et
513 2584 707 2670 Hieronym.
722 2598 756 2647 et
774 2582 861 2647 aliie
886 2585 1042 2651 veteribus
1064 2587 1194 2672 passim.

153 2672 321 2736 Factus.
835 2730 838 2735 ,
947 2728 950 2733 ,

197 2755 284 2820 lbid.
298 2755 321 2821 l.
333 2769 384 2823 24.
406 2778 479 2822 vere
497 2755 632 2842 renasci]
660 2756 752 2823 Mala
772 2778 838 2821 non
859 2770 909 2821 est
926 2757 1023 2823 lectio
1038 2782 1195 2846 quorum-

152 2840 230 2905 dam
260 2855 401 2912 veterum
435 2843 591 2907 librorum
619 2844 652 2907 in
680 2842 803 2928 quibus
828 2843 983 2928 scriptum
1009 2861 1059 2909 est
1080 2846 1196 2926 venire,

151 2925 241 2993 nasci
267 2938 297 2991 et
324 2926 491 3012 baptizari.
528 2930 620 2992 Unus
644 2949 735 2991 meus
760 2927 897 2992 multum
923 2928 1093 2994 confirmat
1113 2931 1196 2995 hane

149 3012 347 3089 lectionem3
369 3013 470 3077 habet
482 3014 569 3077 enim
592 3012 695 3077 uenire
716 3022 747 3076 et
768 3012 854 3077 nasci
873 3023 903 3076 at
923 3013 1196 3098 baptisariream

153 3119 288 3184 quoque
303 3099 493 3163 confirmare
506 3099 654 3163 videntur
669 3098 764 3162 verba
778 3098 880 3161 Cassii
896 3119 915 3161 a
930 3100 1197 3180 Macomodibus,

153 3203 232 3268 pag.
242 3197 313 3249 332.
326 3205 395 3247 cum
408 3184 451 3247 ad
461 3184 621 3249 ecclesiam
633 3183 736 3248 uenire
746 3183 903 3267 eruperint.
926 3183 1011 3247 Vide
1024 3207 1097 3270 quas
1111 3186 1197 3251 dicta

152 3282 231 3334 suut
246 3289 266 3331 a
279 3268 372 3333 nobis
387 3269 428 3339 ad
442 3267 614 3354 epistolam
629 3270 668 3334 ad
678 3271 859 3345 Donatum,
874 3289 949 3352 pag.
959 3281 1030 3344 373.
1052 3270 1196 3335 Banna.

199 3352 286 3417 lbid.
302 3353 324 3418 l.
335 3369 385 3419 25.
401 3370 515 3419 cancer
529 3355 618 3440 quod
634 3353 807 3436 habebant]
827 3353 963 3417 Confert
977 3376 1051 3418 cum
1072 3353 1198 3440 Suffra-

149 3438 209 3535 gia
223 3438 332 3502 Prima
345 3439 506 3524 Anglicus
521 3441 689 3525 interpres,
711 3439 768 3504 ubi
783 3438 853 3503 haeo
867 3450 953 3519 sunt,
971 3452 1198 3506 sacramentam

154 3534 330 3610 interrogat
347 3526 434 3608 cujas
450 3547 482 3588 as
495 3536 525 3590 et
540 3525 632 3589 verba
647 3547 754 3589 cancer
769 3525 927 3589 emittant.

200 3608 285 3673 lbid.
301 3608 323 3672 l.
336 3615 385 3674 26.
409 3610 579 3692 offectura]
603 3613 698 3675 Hanc
719 3609 893 3674 lectionem
911 3608 1016 3673 inveni
1035 3610 1067 3674 in
1078 3611 1197 3676 eodem

153 3693 243 3759 libro
259 3714 332 3757 meu
348 3694 444 3759 veteri
458 3708 492 3758 et
510 3695 542 3758 in
558 3696 705 3780 pluribus
722 3695 803 3773 aliis,
826 3709 895 3761 tum
912 3695 1008 3759 etiam
1025 3697 1110 3781 apud
1127 3698 1197 3762 Au-

133 3856 135 3860 .
154 3778 337 3864 guatinum,
355 3779 412 3845 lib.
424 3779 463 3843 vi.
478 3780 518 3844 de
531 3781 700 3866 Baptisrno
715 3795 827 3844 contra
845 3779 1046 3859 Donatistas,
1062 3802 1133 3867 cap.
1151 3796 1199 3859 17.

154 3863 272 3937 Codex
287 3865 516 3949 Seguierianus
530 3880 562 3929 et
577 3864 706 3951 quidam
726 3865 780 3931 alii
798 3866 972 3950 praeferunt
990 3865 1201 3932 damnationis

155 3944 240 4015 iram
255 3960 285 4013 et
305 3950 418 4014 erroris
438 3948 631 4037 ffectaram.
654 3952 865 4015 Btauzrus.
908 3950 1021 4036 Vulgo
1040 3951 1200 4037 affectura.

140 4034 303 4117 ‚Alteram
319 4057 394 4100 vero
413 4035 584 4101 lectionem
602 4039 675 4122 jam
691 4049 857 4134 receperat
878 4036 1047 4115 Pamelius‚
1063 4037 1202 4101 dixerat-

155 4141 222 4208 que
251 4120 289 4185 Ri
335 4119 421 4199 ltius,
444 4121 476 4184 in
497 4120 611 4186 codice
634 4122 781 4192 Foriensr
802 4121 867 4205 legi
888 4119 1056 4218 pffectara,
1076 4136 1140 4208 pro
1160 4144 1201 4187 eo

155 4204 248 4292 quod
263 4229 284 4271 o
318 4207 375 4287 cit,
390 4220 427 4285 et·
437 4205 519 4279 banc
532 4229 603 4272 esse
617 4207 818 4283 verissimam
830 4205 1014 4278 lectionem.
1074 4278 1106 4305 Ἰ
