2678 4756
224 290 287 369 214·
565 287 926 357 Aunorxrrours
1022 372 1025 379 ,

224 457 379 537 noscitur,
401 481 517 546 nempe
543 460 676 546 originis
702 472 859 547 respectu.
913 459 962 524 At
984 477 1072 536 vero,
1095 469 1136 525 ut
1160 459 1268 524 dicam

226 544 315 630 quod
332 567 382 608 res
397 559 456 624 est,
471 570 509 610 an
526 547 675 610 Photium
692 569 873 624 censemus,
889 546 957 633 qui,
972 545 1127 645 quicquid
1143 547 1268 632 ἀρχαιο·

226 629 332 716 ’τρόπιος
345 629 508 696 docuisset
527 631 568 695 de
588 632 659 696 Filii
679 649 792 697 natura
814 632 946 709 Pierius,
962 629 1042 695 mhil
1061 631 1269 717 reprehendit

225 713 260 778 in
274 737 326 791 eo,
340 716 476 781 voluisse
491 717 595 781 eidem
612 716 716 786 dicam
737 715 989 803 scribere,·qu'od
1010 715 1191 802 periculose
1211 715 1268 786 ad·

225 799 360 863 modum
381 816 414 865 et
435 802 535 888 impie
555 803 595 867 de
615 804 737 889 Spiritu
758 805 791 867 S.
813 805 956 882 doceret,
971 801 1031 866 nisi
1046 823 1156 866 revera
1170 801 1205 864 in
1221 821 1270 864 er·

225 905 297 949 rore
312 886 422 972 aliquo
436 889 548 952 saltem
564 889 660 953 verbo
681 904 773 954 tenus
786 887 1023 953 Alexandrinus
1043 885 1105 950 iste
1126 901 1268 950 versatus

226 977 333 1037 esset?
369 973 467 1059 Quod
505 974 613 1038 uidem
628 974 718 1052 dixit,
733 974 889 1061 Spiritum
904 972 938 1036 S.
959 971 1063 1060 gloria
1083 971 1267 1036 inferiorem

225 1077 295 1119 esse
321 1059 413 1122 Patre
436 1074 470 1123 et
516 1060 583 1138 ilio,
608 1060 670 1124 hoc
693 1060 783 1146 sequi
803 1059 985 1124 existimare
1004 1057 1114 1143 p'otuit
1135 1057 1267 1134 Pierius,

225 1163 290 1205 non
317 1157 463 1228 respectu
488 1145 619 1230 originis
643 1158 781 1224 tantum,
806 1143 983 1209 sedetiam
1008 1164 1048 1206 ex
1074 1141 1268 1218 oeconomia,

224 1249 298 1313 quae
324 1228 441 1292 dicitur
464 1231 717 1316 redemptionis;
749 1229 805 1294 sed
829 1230 935 1314 aliqua
957 1243 1065 1291 tamen
1087 1227 1121 1290 in
1143 1227 1268 1311 scriptis

226 1313 296 1401 ejus
324 1335 432 1378 vereor
458 1316 601 1379 extitisse
624 1317 665 1380 ab
693 1338 732 1380 eo
756 1317 843 1379 dicta
866 1335 1035 1413 perperam
1058 1312 1100 1375 de
1127 1304 1267 1397 Spiritu3

225 1418 330 1483 neque
352 1398 385 1462 id
409 1400 590 1465 mirandum
614 1402 646 1465 in
666 1423 718 1480 eo,
740 1401 794 1487 qui
818 1400 994 1498 Origenem
1015 1397 1136 1461 imitari
1153 1396 1266 1476 vellem

224 1504 300 1547 cum
316 1485 494 1569 periculose
509 1485 684 1551 admodum
706 1487 790 1550 circa
809 1486 964 1573 Spintum
976 1483 1041 1549 Dei
1056 1480 1268 1569 philosopha·

225 1578 297 1634 tum
326 1591 395 1632 esse
424 1570 529 1634 decus¹
552 1571 631 1636 illud
660 1571 886 1637 Alexandrinae
917 1569 1050 1646 scholae,
1074 1569 1182 1653 probe
1197 1576 1267 1633 'u'o-

224 1653 288 1718 rint
301 1676 424 1733 omnes,
440 1657 497 1742 qui
511 1656 542 1720 in
559 1658 685 1745 scriptis
703 1655 850 1743 legendis
864 1653 933 1755 ejus
948 1652 1061 1718 versati
1080 1653 1159 1718 sint.
1204 1653 1267 1715 Hic
1326 1676 1329 1685 ¹

224 1736 294 1829 ipse
309 1754 417 1827 tamen
432 1741 590 1828 Origenes
611 1744 642 1807 in
666 1744 816 1830 operibus
837 1763 915 1820 suis,
926 1740 1054 1804 utinam
1072 1737 1168 1802 Pierii
1188 1755 1267 1825 quoss

248 1847 288 1888 ue
309 1826 471 1892 volumina
492 1820 533 1891 ad
553 1850 612 1893 nos
633 1829 860 1914 pervenissent,
882 1849 947 1893 non
967 1839 1092 1889 tantum
1118 1844 1207 1909 saepe
1229 1822 1267 1885 de

223 1847 347 2063 &irim
368 1912 402 1979 S.
423 1911 597 2012 conjuncte
620 1936 695 1978 cum
721 1911 847 1978 duabus
869 1910 977 1976 alteris
1001 1915 1049 1987 τῆς
1073 1913 1267 1996 agaunum

253 1996 349 2063 riadis
363 2019 506 2084 persoms
523 2000 634 2086 (ipsius
649 2020 743 2063 voces
758 2012 835 2063 sunt
848 1998 881 2062 in
897 1992 1116 2063 Commentis
1131 1993 1165 2058 S.
1178 1994 1267 2060 Joam

223 2080 319 2150 Euan
345 2087 366 2166 .)
383 2084 512 2148 loeutus
532 2097 592 2162 est,
615 2085 839 2149 verumetiam
861 2082 998 2158 inleso,
1018 2101 1116 2166 quem
1137 2078 1192 2143 hic
1214 2078 1268 2141 de·

224 2105 372 2254 signafio,
386 2171 418 2231 τὸ
433 2170 569 2233 corallus*
584 2170 722 2255 Spiritus
743 2168 865 2233 docuit.
892 2167 1012 2252 ,Cous
1033 2164 1188 2250 Origenis
1205 2164 1267 2227 loc.

172 2276 175 2290 ·
224 2277 244 2318 a
268 2254 312 2317 ud
332 2255 462 2321 Euseb..
474 2255 531 2319 lib.
547 2256 569 2318 i.
592 2256 664 2321 adv.
679 2253 872 2319 Marcellum
886 2275 915 2317 c.
930 2267 967 2317 4:
981 2249 1014 2336 p.
1030 2265 1079 2313 22.
1103 2249 1267 2317 ed.·Paris.

222 2276 393 2404 plorabilis
415 2351 489 2403 sunt
509 2341 604 2404 verba
627 2340 775 2427 Origenis
801 2340 841 2403 de
865 2338 982 2402 sanctis
1004 2335 1184 2422 principiis,
1208 2335 1268 2397 sive

225 2424 427 2491 sermonibus
449 2424 623 2493 dedivinis
646 2426 806 2502 Personis,
827 2425 858 2487 in
880 2420 1003 2487 Hernil.
1022 2436 1052 2484 5.
1072 2420 1112 2485 in,
1127 2419 1267 2507 Hierem.

223 2509 307 2575 infra
321 2510 352 2572 in
368 2511 466 2574 Notis
480 2511 521 2574 ad
537 2512 839 2575 Tuxosnosrum
859 2508 1017 2594 adposita.
1041 2527 1073 2591 p.
1085 2518 1157 2580 227.

269 2595 304 2658 P.
317 2610 386 2658 212.
402 2595 424 2658 l.
441 2611 488 2658 Η.
513 2604 545 2664 εἰς
559 2601 601 2656 al»
616 2599 708 2679 Λόγον]
728 2597 772 2659 H.
785 2619 814 2658 e.
831 2597 941 2658 Unum
963 2614 1002 2655 ex
1023 2591 1122 2655 tornis
1143 2590 1215 2677 ejus
1230 2589 1268 2652 li-

223 2679 286 2758 bri,
299 2682 355 2766 qui
378 2703 397 2743 a
421 2681 537 2745 Photio
556 2681 659 2744 lectus
681 2693 749 2759 est;
772 2678 922 2765 idemque
941 2678 1025 2740 venit
1039 2674 1216 2739 dicendum
1231 2674 1269 2738 de

224 2778 365 2830 tractatu
387 2766 419 2828 in
441 2767 525 2830 Osee
545 2767 651 2829 statim
671 2779 745 2851 post
766 2777 957 2840 memorate,
973 2761 1032 2825 etsi
1048 2759 1089 2824 de
1107 2761 1185 2838 hoc,
1201 2774 1270 2824 tan-

224 2872 321 2937 quam
343 2851 369 2914 si
391 2865 556 2937 separatus
576 2864 609 2914 et
625 2849 734 2936 justus
749 2850 880 2938 quidam
895 2849 976 2911 liber
991 2859 1086 2923 esset,
1103 2846 1268 2931 Hierony·

225 2958 298 3000 mus
313 2937 344 2998 in
362 2935 445 3000 libro
458 2938 509 3000 De
525 2935 611 3001 Viris
625 2935 679 2998 Ill.
695 2936 825 3000 locutus
837 2948 897 2998 est.
993 3010 996 3014 A
1116 2989 1119 2993 .

269 3021 355 3084 lbld.
374 3021 397 3085 l.
418 3037 465 3085 15.
496 3021 695 3102 thaClp-rh‘c
719 3030 752 3082 τῦ
775 3019 869 3080 ’lende
891 3019 980 3103 ςῆλης]
1011 3018 1064 3081 De
1091 3014 1270 3079 Cherublm

112 3130 116 3135 ·
224 3125 321 3193 opere
334 3107 439 3170 Mosis
451 3106 503 3169 adi
518 3127 610 3192 capp.
622 3127 712 3168 xxxv.
724 3117 757 3168 et
769 3103 883 3184 xxxvii.
900 3101 1012 3191 Exodi,
1026 3101 1066 3187 de
1078 3099 1187 3247 lapide
1199 3120 1271 3162 vero

168 3202 174 3209 ’
224 3215 249 3256 a.
262 3193 388 3259 Jacobo
402 3192 508 3278 posito
526 3205 600 3277 post
622 3188 705 3253 visos
725 3191 766 3275 ah
790 3212 830 3252 eo
856 3189 989 3274 angelos
1007 3207 1101 3249 ascen
1126 3200 1219 3248 entes
1240 3197 1272 3246 et

225 3277 467 3355 descendentes,
485 3275 717 3339 consulendum
734 3288 783 3338 est
800 3295 872 3360 cap,
885 3274 991 3336 xxviii.
1012 3269 1152 3336 Genesis.
1198 3271 1272 3333 Hac

224 3363 259 3427 in
280 3385 315 3426 re
336 3363 467 3448 quoque
489 3361 632 3425 imitatus
651 3374 728 3423 erat·
742 3358 861 3423 Pierius
884 3358 1073 3443 Origenem,
1092 3357 1178 3418 duos
1197 3352 1272 3439 illos

225 3448 395 3533 Seraphim
415 3446 501 3532 apud
522 3447 649 3509 Esaiam
665 3445 805 3509 indicare
822 3444 989 3506 Christum
1005 3456 1039 3505 et
1060 3440 1222 3526 Spiritum
1236 3423 1271 3502 S.

225 3543 439 3609 statuentem3
459 3531 535 3616 quin
552 3531 653 3595 immo
668 3529 831 3611 interdum
844 3529 1026 3614 allegoriam,
1041 3539 1079 3589 ut
1097 3525 1177 3592 alibi
1196 3524 1272 3608 dixi,

226 3615 273 3678 ita
293 3615 430 3679 vecorde
451 3614 639 3694 sectantem,
658 3627 694 3679 ut
714 3615 886 3679 veritatem.
900 3613 1014 3690 literae,
1031 3635 1106 3697 quae
1128 3622 1274 3688 vocatur,

227 3720 326 3779 sacrae
341 3701 506 3792 scripturae
518 3701 551 3763 in
563 3700 659 3765 rebus
670 3699 968 3800 proculdubiovere
980 3696 1275 3787 gestis—subvertat.

227 3787 314 3849 Hoc
328 3788 436 3855 tamen
455 3807 495 3850 an
516 3786 629 3851 fecerit
650 3784 986 3871 Pierius·magis'trum
1010 3803 1105 3846 suum
1131 3797 1275 3858 secutus,

226 3893 269 3935 an
291 3882 404 3936 contra
425 3871 459 3934 in
484 3871 715 3960 perscrutando
738 3864 889 3957 mystico,
903 3869 969 3937 'seu
995 3867 1167 3955 spirituali,
1191 3861 1276 3929 non.-

227 3955 387 4020 nullarum
402 3968 489 4021 certe
500 3954 734 4041 ¹scripturarum
750 3977 856 4035 sensu,
872 3955 925 4040 pie
945 3975 983 4018 ac
1004 3950 1278 4038 sobrie'versatus

227 4040 334 4119 fuerit,
348 4040 468 4106 nescio.
493 4041 557 4106 Sed
572 4042 668 4105 etiam
685 4041 925 4127 Hieronymum
938 4036 1031 4125 video
1044 4051 1175 4113 tautum
1191 4037 1278 4100 insa-

228 4125 337 4206 niisse,
347 4136 386 4193 ut
401 4126 608 4207 seriberet'a'd
623 4123 892 4211 Nepotianumin
908 4122 1099 4209 epistolade
1110 4123 1146 4185 V
1144 4122 1191 4185 ila
1207 4120 1279 4185 'Cle-

227 4211 372 4290 ri‘co'rum‚
384 4208 555 4280 historiam
568 4210 702 4276 Davidis
716 4223 749 4275 et
763 4203 884 4275 Abis'ae
897 4204 1279 4296 Sunamitisfigmentam
1294 4292 1297 4296 ¹
