2678 4756
276 302 328 375 ru
352 305 579 374 coustant
603 302 839 374 cantuae,
1040 324 1098 397 ψ

51 491 178 629 guanto
189 477 298 565 dispar
311 479 450 566 vulgatis
461 480 523 545 illis
535 481 735 546 tumulorum
744 476 1017 565 inscriptionibus,
1032 479 1099 544 Hic

79 564 145 630 itus
159 567 228 643 Est,
245 564 309 630 Hie
320 567 423 631 Jacet.
454 568 537 632 Haeo
553 565 724 653 Rigaltius.
759 567 869 643 Porro,
885 564 1099 650 quemadmo-
1130 620 1133 631 .

52 648 137 716 dum
152 673 172 715 a
185 650 332 736 pluribus
347 651 562 732 observatum,
581 652 670 753 quod
684 651 790 716 omnis
805 652 870 715 fere
885 650 1031 736 gentium
1047 671 1099 714 re·

52 735 151 823 ligio,
166 751 368 801 mortuorum
383 735 446 801 fuit
460 737 579 816 cultus,
593 751 638 802 rta
651 737 702 802 vix
712 736 821 823 aliqua
834 758 875 800 ex
889 747 980 820 parte
992 734 1097 835 magis

53 821 198 887 Ethnica
210 822 395 908 superstitio
410 844 444 886 se
456 824 617 902 exerebat,
654 844 728 888 uam
740 822 773 886 in
783 844 861 887 cura
872 842 931 920 pro
940 822 1098 901 morturs3

54 905 135 973 hinc
148 907 321 985 sacrificiis,
343 907 381 972 iis
405 928 446 971 ue
469 930 532 972 nou
554 930 625 974 raro
671 908 809 986 amanis,
830 906 888 971 Dii
908 907 1000 971 inferi
1019 906 1098 971 soli-

10 1038 15 1049 ·
52 992 190 1073 citandi,
214 1004 248 1057 et
266 929 415 1079 placandi
439 994 574 1072 Manes3
609 993 684 1058 hinc
709 993 795 1058 tonsi
821 993 937 1070 crines,
962 991 1099 1078 quaesita

55 1077 213 1158 calvities,
233 1089 267 1142 et
287 1078 387 1143 incisa
407 1099 544 1164 corpora
566 1092 770 1143 mortuorum
793 1099 901 1155 causa,
925 1076 965 1141 de
979 1075 1098 1164 quibus

56 1163 168 1250 agitur
183 1164 286 1228 Deut.
300 1164 361 1228 xio
379 1179 407 1228 1.
430 1165 592 1229 Fatuus.
636 1164 747 1229 Verba
761 1163 813 1227 illa
829 1174 1006 1227 ruinarum
1019 1185 1099 1249 gen-

56 1249 140 1317 tium
153 1271 246 1328 neore,
260 1262 295 1313 et
314 1241 509 1336 alienigenis,
530 1250 572 1314 de
589 1249 764 1336 gentilibus
777 1248 876 1334 vulgo
891 1247 937 1311 ita
951 1249 1098 1312 nomina·

56 1335 112 1413 tis,
135 1350 224 1400 extra
238 1333 404 1399 ecclesiam
421 1336 545 1420 positis,
559 1335 734 1422 alienisque
747 1357 767 1398 a
782 1334 879 1399 sacris
896 1330 1099 1412 Christianis,

56 1419 297 1508 interpretanda
310 1420 466 1485 videntur.

49 1560 52 1565 .
101 1506 139 1572 P.
154 1518 204 1570 82.
219 1505 243 1569 l.
253 1521 282 1569 5.
297 1505 384 1590 apud
396 1517 639 1592 procuratorem
652 1504 876 1588 ducenarium]
893 1505 992 1568 Extra
1005 1526 1100 1569 curas

55 1592 217 1657 exercitus
231 1604 265 1655 et
280 1590 412 1676 negotia
432 1591 521 1670 belli,
543 1591 628 1655 circa
644 1591 821 1676 Principem
839 1591 1022 1654 Romanum
1038 1591 1101 1655 fuit

56 1676 177 1742 militia
200 1676 329 1762 duplex.
385 1677 555 1755 Litterata,
581 1698 654 1763 quae
679 1676 801 1740 scriniis
828 1697 959 1761 operam
982 1674 1099 1740 dabat:

56 1777 204 1842 actuosa,
244 1785 294 1826 uae
316 1762 412 1826 rebus
428 1762 560 1849 agendis
575 1777 644 1826 erat
659 1762 920 1847 occupatissima.
965 1761 1011 1824 Hi
1027 1777 1098 1826 ma-

54 1847 207 1935 gistriani
221 1785 419 1926 dicebantur,
434 1865 468 1912 et
480 1869 520 1912 ex
532 1868 644 1912 eorum
660 1847 772 1912 schola
781 1845 958 1912 Ducenarii
969 1859 1003 1910 et
1015 1846 1102 1911 Cen-

56 1934 185 2011 tenstii,
199 1934 264 1998 sive
278 1933 495 2019 sexagenarii,
510 1934 565 2020 qui
581 1932 703 1997 fiscales
715 1933 866 2018 pecunias
880 1931 1065 2017 exigebant,
1081 1955 1101 1996 a

57 2024 195 2084 numero
209 2019 417 2104 pecuniarum
455 2041 513 2083 uas
529 2020 561 2082 in
575 2017 772 2105 stipendium
788 2017 1000 2100 accipiebant,
1017 2041 1104 2081 nun-

56 2105 182 2193 cupati,
198 2105 265 2169 Dio
278 2103 335 2168 lib.
346 2104 402 2168 liii.
417 2043 474 2168 ucbi
488 2104 530 2168 de
543 2124 672 2189 procur.
688 2103 775 2168 CaeS.
791 2103 813 2189 ri,
827 2106 883 2176 τοῖς
897 2127 933 2187 γε
949 2103 1100 2190 ἐπιτρόποις

56 2190 165 2303 &ariri
179 2191 211 2253 ri
227 2187 311 2272 ὄνομα
324 2188 379 2253 nini
392 2195 431 2251 τῦ
450 2195 569 2273 ἀριθμοῦ
587 2196 642 2253 τῶν
660 2187 799 2271 διδομένων
821 2191 911 2262 αὐτοῖς
930 2188 1099 2274 χρημάτων.

58 2275 267 2362 Lepitolinus
280 2276 314 2338 in
330 2275 512 2340 Pertinace:
535 2273 589 2338 Ad
599 2275 748 2339 ducenum
760 2273 968 2338 sestertiorum
983 2274 1099 2360 stipen-

57 2359 149 2425 dium
174 2358 347 2424 trunslotus
370 2359 404 2423 in
426 2360 571 2424 Daciam.
606 2363 710 2426 Vetus
729 2359 914 2445 inscriptio:
944 2361 1100 2424 Procura-

57 2456 110 2509 tor
120 2446 261 2534 Augusti
271 2444 445 2530 prouinciae
458 2445 593 2510 Baeticae
607 2445 649 2509 ad
663 2445 778 2509 ducena
793 2443 982 2529 accipienda.
1004 2452 1100 2531 Apu·

56 2530 154 2611 letus,
163 2531 349 2595 Milesiavii.
361 2534 550 2596 Procurator
560 2530 718 2616 Principis
729 2529 896 2594 ducenaria
902 2530 1098 2617 perfunctus.

57 2616 163 2681 Natio
183 2615 272 2680 valde
294 2617 409 2681 infesta
424 2616 626 2681 Christianis.
672 2616 800 2680 Etenim
821 2637 878 2702 per
897 2616 1100 2683 occasionem

57 2701 159 2767 officii
174 2701 222 2767 sui
237 2701 350 2765 omnia
359 2701 493 2765 minima
505 2702 644 2767 maxima
655 2725 727 2788 quae
740 2701 772 2765 in
787 2700 957 2786 provinciis
971 2723 1103 2786 ageren-

58 2800 116 2852 tur
128 2786 371 2851 renunciabant.
415 2788 530 2874 Itaque
549 2789 591 2851 ab
613 2787 651 2851 iis
672 2807 757 2873 saepe
772 2788 874 2851 vexati
889 2786 1102 2852 Confessores

59 2871 238 2937 Christiani
252 2873 402 2949 nominis,
418 2872 478 2936 nisi
492 2873 642 2958 pactione
655 2873 741 2958 turpi
756 2873 953 2936 vexationem
965 2871 1104 2955 redime-

58 2972 145 3036 rent,
161 2958 244 3022 sicut
257 2958 299 3023 ab
313 2957 376 3022 isto
390 2957 534 3022 Martiali
549 2958 670 3024 factum
686 2957 789 3023 innuit
804 2956 999 3057 Cyprianus.
1043 2959 1102 3022 Ti·

57 3042 149 3108 tulus
171 3058 221 3107 est
248 3042 306 3107 lib.
326 3065 357 3106 x.
385 3043 470 3107 Cod.
496 3044 537 3106 de
562 3042 783 3108 exactionibus
809 3044 1016 3123 tributorum,
1045 3045 1104 3109 ubi

58 3127 298 3193 Constantinus
313 3129 399 3228 Imp.
415 3141 501 3193 vetat
514 3128 717 3194 Ducenarius
736 3127 874 3213 aliquem
892 3150 931 3192 ex
945 3127 1101 3194 debitori-

56 3214 122 3279 bus
140 3213 308 3279 convenire
326 3235 512 3300 priusquam
534 3236 553 3277 a
575 3213 735 3279 tabulario
757 3212 892 3277 civitatis
911 3213 1102 3279 nominatim

56 3297 252 3364 brevesacci
277 3299 342 3363 iant
354 3298 551 3376 debitorum,
565 3312 599 3364 et
609 3300 713 3385 ·l.seq;
749 3296 846 3362 Nemo
868 3318 1029 3378 aaronem,
1053 3299 1103 3363 in*

58 3385 145 3472 quit,
158 3320 454 3471 piumiatorumqua
473 3383 608 3461 verbm,
624 3395 680 3449 aut
697 3383 842 3533 pawn,
859 3382 1038 3470 aliaque-ai
1055 3384 1104 3448 in-

49 3469 193 3535 solentia
203 3469 351 3554 judicum
361 3480 485 3555 reperta
496 3469 651 3557 supplicia
666 3470 700 3534 in
714 3469 752 3534 de
785 3478 885 3533 torum
899 3467 1102 3535 solutionibus

58 3565 257 3641 supermeat.
302 3557 345 3620 Et
366 3555 454 3640 apud
476 3554 654 3619 Eusebium
677 3554 796 3640 legitur
818 3554 964 3640 Epistola
981 3555 1105 3644 Synodi

58 3639 276 3707 Antiochenae
294 3640 335 3704 ad
352 3639 550 3728 Dionysium
574 3640 699 3718 Romae,
714 3652 747 3703 et
762 3640 947 3704 Maximum
963 3641 1105 3706 Alexan-

59 3725 140 3791 dria
151 3725 335 3811 episcopos,
346 3741 529 3811 quapatres
544 3723 741 3790 Antiocheni
752 3737 872 3789 tantam
886 3725 919 3790 in
934 3727 1035 3790 Paulo
1046 3728 1107 3792 Sa-

60 3824 230 3877 mosateno
251 3811 349 3874 fuisse
371 3810 555 3897 superbiam
578 3822 702 3890 notant,
723 3826 760 3876 ut
773 3811 977 3877 Ducenarius
992 3812 1108 3901 aliquis

60 3894 176 3963 haberi
191 3895 342 3961 debuerit
352 3896 457 3982 magis
467 3917 564 3983 quam
578 3897 760 3982 episcopus,
774 3897 854 3961 adeo
866 3918 961 3982 prave
975 3912 1008 3961 et
1019 3899 1107 3964 iaso«

60 3980 168 4048 lenter
187 3980 274 4046 circa
295 4003 426 4045 onmem
449 3981 678 4046 fraternitatem
702 3982 880 4067 satagebat.
915 3983 1026 4046 Verba
1045 3985 1108 4070 Sy·

61 4066 154 4147 nodi,
178 4066 334 4132 Historiae
356 4066 591 4132 Ecclesiastieae
614 4066 671 4131 lib.
682 4066 735 4132 vii.
756 4090 828 4154 cap.
838 4081 888 4132 30.
909 4068 954 4132 sic
975 4068 1109 4148 habent,

61 4150 85 4239 ‘it
100 4150 173 4229 lirun
189 4153 407 4239 iduatpposeisi,
423 4157 570 4240 ὑπεςῆςται
587 4151 713 4235 adaptant
727 4153 878 4236 ἀξιώματα
891 4153 1112 4242 tinoiua‘prroffli

61 4237 236 4325 θουκηνᾶριος
246 4244 361 4323 μᾶλλον
375 4238 391 4317 ἣ
405 4237 553 4312 &bunos
565 4236 658 4305 θέλων
673 4245 824 4319 mntem,
834 4240 857 4327 rt
868 4236 957 4305 σοὸῶν
970 4243 1046 4304 κατὰ
1058 4246 1111 4329 τὰς

563 4343 588 4388 tt
601 4337 621 4387 2
