2678 4756
222 317 262 366 ao
330 340 333 345 ·
557 297 918 365 ANNOTATIONES

216 479 347 534 tantum
366 466 585 554 Hieronymus
600 467 678 531 etin
694 467 886 554 quibusdam
900 467 1095 533 editionibus
1110 469 1260 550 Rufinus,

216 554 279 639 'sed
298 553 395 617 etiarn
420 551 587 640 Syncellus
608 553 691 616 Nice
715 552 889 639 herusque,
907 554 1043 617 similem
1064 555 1258 641 scripturam

194 684 201 695 .
215 638 403 717 exhibeant,
412 639 546 701 fortasse
558 575 764 702 statuendum
776 652 835 717 est,
849 638 1023 703 Eusebium
1037 660 1144 702 revera
1155 641 1259 727 scrip

217 722 300 805 sisse
323 723 384 787 hoc
407 721 536 809 quidem
559 722 632 786 loco
653 727 835 807 Ναυατιανῷ,
855 745 931 800 non,
949 736 987 787 ut
1008 724 1105 809 vulgo
1124 724 1257 872 legitur,
1286 752 1298 803 j

214 807 442 894 Nemeaeum
459 806 538 870 illud
553 807 585 870 in
599 807 750 894 Dionysii
765 808 930 872 codicibus
945 809 1125 873 invenisset.
1181 831 1258 874 orro
1282 814 1284 818 ’

221 892 266 957 nil
281 893 475 957 contrarium
491 891 709 977 colligendum
724 914 793 956 csse
807 892 931 957 videtur
947 914 987 956 ex
1003 892 1172 957 derivativo
1188 895 1257 958 No-

218 977 352 1057 uatinni,
364 977 453 1063 quasi
469 998 488 1040 a
504 978 631 1041 nomine
648 979 775 1040 Novato
790 975 924 1042 ductum
940 977 1019 1042 illud
1034 977 1142 1056 fuerit,
1154 1000 1257 1064 quum

220 1063 313 1127 aliter
327 1063 454 1126 asseclae
473 1061 526 1126 isti
545 1061 757 1125 bbuutiunani
772 1063 900 1126 dicendi
917 1075 1034 1126 essent.
1078 1064 1155 1126 Hoc
1168 1064 1258 1128 enim

217 1147 420 1232 Scaligerum
447 1145 533 1209 baud
558 1145 695 1224 induxit,
720 1161 756 1210 ut
779 1147 933 1225 crederet,
958 1147 1122 1210 hominem
1149 1147 1257 1213 aava·

157 1244 159 1251 '
221 1243 288 1296 tum
308 1233 429 1296 dictum
453 1231 563 1294 foisse.
591 1230 667 1295 Vid.
682 1231 851 1296 Animadu.
866 1231 936 1318 ejus
956 1232 989 1295 in
1011 1231 1161 1296 Chronica
1184 1233 1256 1296 Eu-

215 1316 305 1395 seiii,
320 1338 351 1402 p.
365 1323 435 1380 236.
477 1314 672 1380 Addendum
689 1338 819 1401 quoque
835 1317 887 1380 hic
901 1330 962 1394 est,
977 1317 1130 1380 Tatianos
1152 1317 1258 1382 dictos

218 1420 290 1464 esse
312 1401 486 1464 alatiano
504 1400 590 1485 apud
608 1401 820 1499 Epiphanium
840 1401 872 1464 in
888 1422 986 1486 opere
1000 1401 1041 1464 de
1056 1402 1256 1480 Haeresibus,

215 1487 363 1572 aliosque
387 1501 544 1562 auctores,
570 1485 716 1548 similiter
733 1507 775 1548 ac
797 1487 997 1550 Novatianos
1019 1507 1038 1550 a
1060 1487 1256 1566 Novatiano,

218 1592 302 1657 quos
317 1582 423 1633 tamen
440 1568 681 1632 Nouutianenses
696 1569 836 1654 appellat
850 1570 1032 1655 Cyprianus
1046 1571 1078 1633 in
1099 1571 1200 1654 Epist.
1213 1573 1259 1635 ud

219 1654 408 1720 ,dulcimium
429 1676 485 1717 seu
505 1655 565 1739 Ep.
581 1665 631 1728 73.
648 1654 708 1716 sub
729 1654 798 1717 init.
843 1656 918 1717 Hoc
940 1654 1078 1739 denique
1100 1655 1256 1719 lectorem

219 1741 371 1815 monebo,
390 1740 509 1802 nullam
528 1739 633 1802 lucem
655 1737 738 1800 hanc
757 1738 969 1823 quastionem
986 1740 1125 1802 mutuari
1139 1740 1200 1804 sibi
1214 1762 1258 1805 ex

213 1824 321 1889 titulis
347 1824 488 1887 duorum·
504 1822 632 1887 illorum
654 1843 788 1908 operum
803 1824 855 1886 De
868 1823 1034 1902 Trinitate,
1050 1836 1083 1886 ct
1100 1825 1151 1887 De
1171 1824 1258 1890 Citis
1278 1850 1294 1888 1

215 1908 369 1987 Judnicis,
386 1931 457 1994 quae
480 1907 662 1972 Novatiano
682 1907 817 1971 adscribi
837 1908 953 1987 solent,
968 1910 1086 1994 quippe
1104 1931 1180 1973 cum
1198 1909 1257 1974 illa

215 1994 264 2060 sie
285 1994 437 2079 inscripta
454 1993 553 2057 fuisse
565 1993 599 2056 S.
616 1993 807 2079 Hieronymi
825 1993 1027 2071 auctoritate,
1044 2006 1108 2057 non
1130 2015 1170 2057 ex
1190 1995 1256 2058 fide

215 2079 227 2144 i
252 2101 361 2145 sorum
391 2077 539 2142 codicum
569 2077 872 2162 manuscriptorum,
900 2077 1076 2142 videantur.
1128 2079 1258 2144 Interea

218 2094 352 2245 ductum
367 2176 416 2227 est
430 2185 449 2225 a
463 2162 594 2226 nomine
608 2164 737 2226 Novato
752 2162 963 2241 Novatianus,
978 2161 1255 2248 quemadmodum

216 2271 237 2312 a
258 2249 357 2312 Fabio
381 2246 550 2324 Fabianus,
566 2261 637 2309 eta
660 2247 759 2309 Basso
782 2246 964 2324 Bassianus,
978 2247 1080 2310 immo
1098 2268 1173 2311 vero
1193 2248 1257 2312 Fa-

212 2333 294 2398 bius·
305 2331 528 2395 Antioclrenus
542 2329 711 2417 episcopus
726 2329 885 2395 Fabianus
907 2331 948 2394 ab
969 2331 1161 2413 auctoribus·
1167 2352 1272 2420 saepe·

216 2416 411 2482 nominatur.
1143 2414 1153 2459 ἕ

214 2536 219 2553 .
262 2505 296 2567 P.
309 2517 339 2564 5.
355 2499 377 2563 l.
393 2514 440 2563 ιο.
463 2510 640 2585 prostratus
660 2498 830 2563 virtutibus
850 2499 928 2583 Dei]
945 2500 1022 2563 Hoc
1037 2510 1097 2578 est,
1111 2498 1157 2565 sit
1179 2502 1253 2566 Na-

218 2585 367 2675 tlranielis
388 2583 545 2667 Marsball
560 2583 719 2668 Anglicus
735 2583 889 2670 Cypriani
906 2585 1072 2670 interpres,
1087 2576 1258 2651 sententiis

219 2672 368 2737 adversus
391 2690 466 2733 eum
486 2668 559 2732 latis
578 2666 811 2750 ecclesiasticis,
833 2690 904 2755 quae
927 2669 959 2732 in
981 2669 1066 2732 coelo
1086 2682 1163 2733 ratae
1181 2691 1254 2735 esse

213 2755 428 2825 habebantur.

214 2854 217 2859 '
262 2839 346 2905 ibid.
361 2839 384 2903 l.
402 2853 450 2902 11.
478 2835 552 2902 inde
575 2835 709 2901 fuissent
733 2836 870 2937 expulsi]
898 2836 1095 2922 Carthagine
1118 2838 1253 2904 scilicet.

214 2927 294 3013 Qua
313 2925 355 2989 de
377 2944 412 2987 re
434 2921 617 3009 Cyprianus
631 2923 664 2986 in
678 2941 842 3008 superiore
861 2924 889 2985 E
912 2922 1005 2986 istola
1022 2937 1049 2985 1.
1068 2922 1114 2986 sic
1137 2924 1259 3007 praelo-

215 3011 340 3097 ¹quitur,
358 3008 510 3073 Venerunt
531 3006 573 3068 nd
591 3005 702 3153 mis
717 3027 743 3069 c.
758 3005 878 3083 missia
925 3006 1066 3071 ovatione
1086 3007 1255 3075 Maximus

216 3095 388 3181 presbyter,
409 3103 440 3157 et
461 3091 632 3176 Augendns
675 3090 808 3169 maenus,
829 3100 860 3153 et
881 3091 1047 3154 Muclroeus
1068 3090 1197 3177 quidum
1221 3105 1254 3157 et

220 3180 382 3267 Longinus
396 3177 456 3241 &o
502 3176 552 3240 lbi
572 3189 678 3239 autern
692 3196 749 3239 eos
763 3196 827 3238 non
842 3196 860 3237 e
874 3176 1000 3239 civitate
1013 3175 1147 3255 e'ectos,
1162 3176 1219 3240 scd
1234 3200 1254 3241 a

219 3263 491 3334 communicatione
505 3258 660 3339 cohibitus,
677 3258 859 3346 Cyprianus
875 3261 981 3325 docet.
1026 3199 1126 3324 lonso
1142 3261 1254 3326 Maxi-

217 3361 292 3414 mus
319 3349 487 3435 presbyter
512 3345 656 3432 proxime
684 3358 891 3423 memoratus,
917 3342 1050 3408 subinde
1076 3366 1096 3408 a
1121 3347 1253 3410 Novato

218 3430 483 3518 Carthaginensis
511 3429 803 3516 pseudoepiscopus
830 3440 953 3492 creatus
984 3428 1069 3493 tuitz
1104 3428 1253 3516 adeoque

219 3519 300 3583 alius
313 3531 362 3581 est
382 3539 402 3580 a
423 3514 570 3578 Maximo
589 3515 779 3600 presbytero
799 3514 992 3591 confessore,
1007 3513 1063 3598 qui
1079 3513 1219 3598 primum
1235 3537 1255 3580 a

219 3602 402 3670 Novatiano
417 3598 585 3676 seductus,
606 3597 769 3684 aliquanto
791 3612 865 3682 post
885 3597 926 3663 ad
947 3597 1122 3660 Ecclesiam
1146 3599 1254 3664 rediit.

223 3686 312 3770 (vid.
328 3689 389 3771 Ep.
406 3682 549 3770 proxime
565 3685 777 3768 sequentem.)
823 3683 940 3768 Neque
963 3681 1059 3745 etiam
1079 3682 1255 3765 praedictus

220 3771 401 3858 Augendus
415 3790 491 3833 cum
505 3788 545 3830 eo
555 3780 613 3830 -est
630 3765 883 3845 confundendus,
897 3765 952 3852 qui
968 3765 1110 3829 Cornelii
1124 3766 1165 3829 ad
1182 3767 1254 3857 Cy·

180 3862 185 3869 “
217 3858 367 3945 priunum
393 3854 515 3917 litteras
537 3848 663 3919 detulin
689 3850 913 3940 Cousrsur.
963 3850 1074 3913 Simile
1097 3862 1193 3914 notat
1211 3853 1255 3917 de

216 3939 385 4026 ringendo
405 3935 566 4014 Baluzius‚
581 3935 666 4000 bunc
686 3956 757 3999 esse
778 3935 935 4007 diversum
950 3934 991 3996 ab
1004 3934 1170 4019 Augendo
1183 3936 1255 4002 dia·

217 4041 305 4094 cono
342 4022 418 4086 artis
431 4020 613 4098 Novariam,
625 4018 718 4118 cujus
729 4014 852 4083 'mentio
865 4021 898 4082 in
912 4018 1097 4103 Epistulas.

265 4045 348 4173 Ibid.
366 4108 387 4171 l.
407 4118 452 4169 12.
497 4105 633 4168 rioribus
647 4103 774 4188 litteris]
791 4107 868 4168 Non
883 4115 1003 4168 extant.
1015 4102 1255 4171 'Consulum

263 4192 347 4258 Ibid.
363 4191 387 4256 l.
404 4203 451 4255 14.
473 4125 682 4275 llionysium]
700 4190 739 4252 ln
754 4210 820 4252 uno
836 4189 919 4254 libro
934 4207 1008 4253 meo
1024 4201 1132 4254 vetere
1149 4191 1254 4278 scrip·
