2678 4756
228 295 239 311 ·
307 287 360 355 IN
382 284 611 353 CONClLIA
634 284 870 353 CARTHAG.
1051 303 1111 373 ¹25

65 454 187 524 stolam
213 455 286 544 ejus
310 456 563 544 Apologeticam
588 457 629 521 ad
655 455 853 522 Matthaeum
880 455 1112 523 Albanensem.

64 543 154 609 vide
169 542 266 608 etiam
281 544 334 606 M.
349 545 529 607 Antonium
549 542 730 607 Marsilium
753 543 786 606 in
807 555 946 606 tractatu
961 542 1001 605 de
1016 545 1115 628 Aqua

65 626 240 695 benedicta
253 650 288 714 p.
301 635 372 692 266.
395 630 607 693 Batonius.
647 629 700 692 De
716 627 792 692 solis
806 628 1026 692 sacerdoribus
1044 630 1072 690 C
1098 664 1113 678 -

65 714 199 799 prianus
221 728 319 800 atque
340 713 478 799 collegae
503 714 594 800 loqui
620 712 777 792 videntur,
803 714 858 799 qui
886 713 1026 797 peccatis
1050 651 1113 777 illis

64 798 341 878 contaminentur,
366 816 497 886 propter
520 822 594 885 quae
614 822 651 862 ex
677 797 708 861 le
734 821 753 862 e
775 798 920 862 eeclesiae
942 799 1112 864 sacerdotii

65 883 163 971 fungi
177 884 289 949 officiis
304 885 495 949 desinerent.
519 884 625 964 Adde,
638 819 733 970 quod
736 883 805 972 jam
821 883 974 969 depositas
989 883 1027 948 de
1042 907 1113 948 mu·

64 969 339 1055 nerejurefaerat
352 969 519 1034 Basilides.

67 1106 72 1113 .
110 1054 148 1120 P.
161 1069 212 1133 79.
232 1055 256 1119 l.
270 1067 300 1131 7.
321 1057 524 1140 peccatorem]
550 1055 687 1120 Codices
710 1055 836 1141 aliquot
857 1055 1017 1119 recensuit
1040 1053 1114 1118 Fel-

64 1138 131 1218 lus,
147 1139 179 1203 in
196 1140 313 1227 quibus
331 1142 485 1226 scripturn
507 1155 557 1206 est
577 1150 760 1225 peccatores,
775 1140 1049 1225 quemadmodum
1065 1140 1112 1203 le·

64 1225 158 1312 gitur
172 1226 204 1290 in
217 1225 405 1313 Evangelia,
416 1227 472 1291 sed
487 1240 520 1289 et
534 1227 605 1290 istic
620 1227 786 1306 ἀμάρτωλον
800 1224 927 1289 codices
943 1225 1099 1289 nonnulli.

111 1310 197 1375 Ibid.
211 1312 234 1376 l.
252 1328 300 1376 11.
323 1315 395 1377 Nec
410 1313 469 1375 sibi
484 1312 577 1398 plebs
598 1311 792 1395 blandiatur]
813 1311 911 1374 Hunc
927 1309 1036 1373 laeum
1052 1310 1112 1375 ali·

64 1395 142 1460 cubi
158 1411 320 1462 mutatum
339 1412 372 1461 et
392 1397 623 1482 interpolatum
645 1397 754 1460 retulit
774 1395 917 1481 Algerus
939 1394 1111 1459 scholasti·

64 1503 126 1547 eus
141 1483 330 1547 Leodiensis
345 1483 377 1546 in
393 1484 476 1547 libro
493 1483 533 1547 de
549 1481 774 1546 Misericordia
789 1496 821 1543 et
836 1481 967 1546 lustitia
979 1503 1049 1566 cap.
1060 1495 1111 1545 81.

63 1581 100 1632 et
123 1581 201 1652 post
222 1567 369 1655 sacrificia
393 1568 598 1632 contaminati
613 1568 766 1631 nonnulla
780 1567 904 1630 addidit
920 1590 992 1651 quae
1010 1587 1113 1653 neque

63 1652 97 1716 in
121 1652 259 1738 vulgatis
283 1654 477 1717 editionibus
499 1665 610 1717 extant
630 1675 732 1737 neque
754 1653 786 1716 iu
807 1653 973 1716 codicibus
996 1674 1112 1718 manu·

63 1738 127 1803 seri
153 1739 205 1802 tis.
252 1741 301 1803 Ea
316 1740 361 1802 sic
376 1739 507 1802 habent.
547 1739 656 1801 Nonae
676 1738 758 1800 enim
778 1737 852 1823 qaia
867 1739 965 1800 Jonas
980 1759 1048 1800 caat
1064 1739 1112 1801 ia-

77 1892 80 1897 ,
145 1823 241 1888 ientz'n
260 1835 339 1889 esset
364 1824 396 1888 in
414 1823 499 1903 navi,
514 1822 602 1887 anais
626 1823 864 1907 periclitabatur
886 1823 1013 1900 canteri,
1036 1823 1112 1909 qaia

63 1909 177 1973 Acltaz
200 1932 269 1973 cum
289 1911 487 1973 arratlzemate
502 1908 634 1971 laminae
648 1931 752 1972 aareoe
767 1920 833 1971 erat
851 1909 883 1970 ia
899 1908 1007 1985 Israel,
1024 1933 1113 1972 exer-

61 1994 146 2063 citus
158 2008 320 2078 paraturus
339 2007 369 2059 et
379 1995 521 2081 fugatus
535 2004 581 2058 est
597 1993 635 2055 ab
650 1993 723 2057 urbe
742 1994 816 2057 Hai.
856 1992 891 2056 Si
905 2016 976 2079 ergo
993 1994 1039 2057 ita
1051 2009 1112 2078 prr-

62 2078 169 2149 aitam
181 2091 227 2144 est
242 2080 274 2144 ia
289 2079 393 2164 calpoe
408 2081 545 2168 ignarae,
561 2078 703 2165 qaidfiet
721 2079 753 2143 ia
769 2077 901 2142 conscias
915 2089 945 2142 et
961 2079 1114 2144 conseati-

62 2167 178 2230 entes?
198 2167 410 2231 Binuzrus.

66 2304 72 2311 .
109 2249 196 2315 Ibid.
212 2252 234 2315 l.
248 2266 299 2315 25.
324 2250 432 2314 laram
454 2249 612 2314 luminam
632 2250 878 2334 durissimarum]
897 2251 1024 2314 Horum
1048 2250 1110 2316 ho·

62 2333 191 2403 minum
207 2336 401 2421 injustorum
415 2337 671 2404 durissimarum.
713 2339 763 2401 Ita
777 2337 888 2421 co'e'git
904 2358 956 2398 me
970 2337 1111 2401 auctori·

64 2433 114 2484 tas
130 2421 271 2485 sedecim
286 2436 427 2486 veterum
447 2421 677 2507 exemplarium
692 2435 725 2485 et
740 2421 1024 2488 vetustissimarum
1041 2422 1110 2488 edi·

63 2505 198 2570 tionum
209 2521 245 2572 ut
260 2522 418 2572 mutarem
431 2506 606 2571 editionem
617 2506 686 2594 jam
703 2507 778 2571 inde
793 2507 834 2571 ab
850 2510 984 2570 Erasmo
1000 2529 1111 2593 recep-

62 2607 146 2657 tam.
190 2591 309 2656 Omnia
322 2593 408 2656 enim
423 2608 529 2657 vetera
547 2593 741 2678 exemplaria
754 2593 874 2657 habent
889 2593 997 2656 aarum
1012 2593 1110 2658 trami-

61 2698 140 2741 nam
165 2675 350 2763 injustarum
372 2677 619 2742 durissimorum.
664 2680 748 2742 Sane
772 2679 804 2743 in
832 2678 969 2743 Furensi
990 2677 1112 2764 legitur

62 2774 193 2826 tantum
218 2762 374 2827 dominam
395 2762 641 2840 durissimarum,
658 2785 716 2848 per
736 2763 892 2828 incuriam
908 2763 1054 2828 videlicet
1069 2764 1110 2828 li·

62 2846 175 2926 brarii,
189 2848 244 2934 qui
269 2848 392 2935 aliquid
406 2849 525 2912 omisit.
572 2850 610 2911 In
625 2849 731 2934 capite
744 2849 806 2913 xvi.
823 2851 1056 2928 Numerornm,
1070 2872 1111 2915 ex

61 2953 130 3018 quo
145 2933 237 2998 locus
253 2933 313 2998 iste
327 2934 505 3019 descriptus
520 2947 581 3011 est,
595 2933 734 3019 legitur:
759 2934 900 2998 Recedite
922 2955 942 2995 a
964 2934 1111 2999 tabarna-

62 3015 144 3082 mlt's
165 3017 321 3082 bominum
343 3018 519 3104 impiarum.
561 3022 599 3083 ln
615 3019 760 3105 Epistola
780 3033 887 3082 tamen
900 3024 950 3094 76.
969 3019 1024 3102 (al.
1041 3023 1105 3102 77.)

60 3122 141 3188 pag.
158 3118 225 3168 155.
241 3105 297 3168 ubi
315 3104 402 3168 idem
420 3104 511 3169 locus
526 3106 660 3168 refertur
674 3104 794 3189 legitur
808 3103 964 3166 bominum
980 3104 1109 3169 istarum

61 3187 308 3258 durissimorum.
325 3191 537 3255 Baanzras.
574 3189 736 3253 Exhibeat
749 3189 782 3252 in
797 3188 861 3252 hac
875 3211 1006 3274 quoque
1020 3191 1107 3270 laco,

61 3271 187 3361 dequo
202 3275 341 3360 agimus,
357 3275 492 3339 eandem
510 3297 639 3360 prorsus
661 3274 843 3350 lectionem,
859 3273 1016 3337 dominam
1031 3275 1107 3339 ista·

59 3380 134 3424 rum
148 3359 396 3437 durissimorum,
417 3360 574 3425 editiones
594 3381 692 3447 penes
712 3381 764 3422 me
783 3357 978 3422 Manatiana
992 3372 1026 3423 et
1040 3363 1106 3426 Pa·

60 3441 163 3522 malti,
178 3458 212 3510 et
224 3445 374 3532 nigrati,
389 3444 595 3532 Fellinaque3
614 3446 663 3510 ed.
679 3467 752 3508 vero
767 3445 907 3508 Romana
926 3445 999 3508 anni
1018 3459 1105 3522 1471.

60 3529 210 3595 voculam
225 3530 355 3595 istorum
370 3531 456 3595 haud
470 3531 630 3615 agnoscit.
675 3530 739 3595 Sed
752 3531 1021 3616 enHieronymus
1034 3533 1106 3599 adv.

60 3613 281 3701 Luciferiaaas
295 3639 327 3701 p.
343 3631 410 3680 1211.
424 3617 470 3680 ed.
485 3616 614 3680 Froben.
629 3616 722 3680 affert
739 3637 777 3679 ex
794 3618 827 3679 S.
840 3616 1016 3702 Scriptura,
1031 3617 1106 3683 isto-

59 3721 133 3765 rum
156 3699 314 3766 dominnm
335 3701 580 3766 durissimarum.
627 3702 740 3788 ltaque
762 3701 934 3765 lectionem
956 3704 1108 3768 consimi-

59 3784 139 3865 lem,
164 3785 271 3850 harum
298 3786 454 3851 bominum
476 3784 721 3864 durissimarum,
743 3809 838 3872 quam
863 3786 1050 3852 Harduinus
1064 3789 1105 3859 ‚in

61 3869 271 3947 conciturum
281 3872 423 3936 editione
437 3872 490 3937 alii
501 3913 505 3920 .
516 3894 556 3936 ue
569 3884 735 3958 praestant,
750 3872 890 3956 reposui,
903 3894 978 3936 nam
991 3895 1103 3940 vocem

59 3956 250 4041 apertorum
274 3979 315 4022 eo
344 3895 571 4043 negligendam
601 3958 721 4042 putavi,
747 3957 836 4044 quod
860 3957 957 4021 lectio
987 3958 1106 4044 duplex

59 4054 188 4107 tantum
203 4042 257 4122 sit,
273 4064 348 4107 cum
364 4051 492 4127 σκληρῶν
507 4042 700 4106 vocabulum
714 4051 769 4107 τῶν
788 4043 821 4106 o'.
842 4042 896 4107 alii
917 4042 980 4107 alio
1005 4045 1106 4110 modo

58 4140 200 4195 venunt.
243 4129 363 4195 Multae
382 4150 479 4213 porro
499 4128 585 4214 apud
606 4127 799 4214 (hspriaanm
820 4127 1009 4216 hujusmodi
1030 4142 1105 4193 sunt
1182 4172 1185 4177 «

57 4208 232 4289 maone.
249 4214 349 4302 Quod
360 4228 470 4281 autem
481 4227 614 4281 censent
625 4236 701 4280 cum
717 4212 750 4279 in
765 4215 850 4279 notis
865 4214 930 4287 suis
945 4213 1105 4299 Rigaltius
