2678 4756
276 313 329 382 ru
351 254 391 380 ss
407 311 627 381 cortuum
651 305 950 381 FRAGMENTA.
1089 338 1146 407 43.

92 495 214 572 potest,
238 497 319 585 quot
342 483 489 549 basilicas
512 499 591 548 tunc
619 484 732 549 Roma
754 484 924 550 habuerint
948 483 1135 552 Christiani.

95 570 185 636 Cum
207 591 293 634 enim
317 569 436 655 singuli
460 569 636 656 presbyteri
662 591 735 634 suas
756 584 904 656 regerent
926 570 1086 647 basilicas,
1108 573 1136 636 si

93 662 147 719 46.
168 656 296 719 luerunt
315 655 505 740 presbyteri,
521 655 657 719 totidem
677 654 824 719 basilicas
843 655 941 720 fuisse
961 655 1135 721 dicendum

93 756 157 804 est.
203 739 301 804 Certe
314 739 455 824 Optatus
470 739 502 803 in
516 739 573 804 lib.
587 741 619 803 ii.
636 741 749 804 Romae
763 753 813 804 4ο.
834 753 868 804 et
886 763 937 804 arn
963 741 1024 804 lius
1037 741 1136 806 fuisse

93 837 232 888 testatur
253 817 400 889 basilicas
422 824 483 888 sub
504 837 652 909 tempora
673 824 904 910 persecutionis
964 825 1136 891 iocletiani.

95 910 170 973 Non
192 909 286 986 enim,
310 910 426 996 inquit,
452 931 534 996 gres
561 920 616 973 uut
639 910 773 995 pupulus
802 910 982 994 appellandi
998 909 1161 996 fumant,

92 994 201 1078 pauci,
226 994 281 1081 qui
303 993 384 1058 inter
405 1006 455 1056 40.
477 1004 508 1057 et
531 994 612 1080 quod
632 995 768 1059 excurrit
792 993 946 1073 basilicas,
963 994 1062 1061 leuem
1083 995 1137 1060 nti

96 1078 278 1166 colligerent
297 1101 357 1142 non
380 1077 542 1143 habebam.
582 1080 645 1146 Ubi
661 1081 801 1165 Optatus
816 1080 959 1165 loquitur
972 1079 1013 1143 de
1029 1080 1137 1145 basili·

96 1164 156 1242 cis,
176 1187 247 1251 quae
269 1165 381 1227 Romae
400 1178 491 1228 erant
511 1178 658 1251 tempore
679 1165 908 1250 persecutionis
930 1165 1139 1245 Diocletiani,

95 1248 131 1312 id
145 1263 206 1327 est,
221 1248 311 1312 annis
324 1248 452 1312 circiter
463 1249 540 1335 quin
565 1249 697 1335 uaginta
715 1263 788 1334 post
808 1250 976 1334 epistolam
994 1249 1138 1315 Cornelii

98 1335 211 1418 Papae3
226 1345 413 1397 nouantem
430 1332 470 1397 de
485 1272 623 1398 basilicis
638 1355 711 1420 quae
728 1336 839 1398 Romae
854 1348 944 1399 erant
958 1356 1016 1399 sua
1029 1347 1136 1414 atate,

96 1417 130 1482 id
145 1435 197 1482 est
211 1440 296 1482 anno
312 1417 433 1481 Christi
447 1431 517 1494 378.
532 1433 568 1484 ut
584 1420 710 1504 scripsit
724 1419 911 1482 Blondellus
924 1420 957 1482 in
972 1420 1139 1507 Apologia

96 1525 158 1588 pro
186 1504 390 1589 Hieronymo
420 1524 495 1588 pag.
519 1518 590 1569 223.
632 1503 716 1569 Vide
745 1503 918 1568 Baronium
947 1503 988 1567 ad
1017 1527 1137 1570 annum

99 1587 221 1651 Christi
242 1600 293 1663 57.
317 1610 412 1674 quem
435 1589 554 1652 frustra
575 1588 720 1652 refellere
741 1604 876 1654 conatur
897 1589 1085 1654 blondellus
1103 1591 1138 1655 in

95 1672 181 1736 libro
194 1694 291 1757 supra
304 1688 495 1737 memorato.
510 1675 718 1738 Vauuslus.
755 1676 802 1737 Ex
813 1674 1073 1761 presbyterorum
1089 1690 1138 1740 at·

97 1779 161 1844 que
184 1778 360 1843 pauperum
382 1780 527 1835 numero,
545 1759 600 1844 qui
622 1758 674 1821 hic
697 1771 905 1836 memoratur,
921 1760 1055 1845 collegit
1077 1760 1139 1827 sibi
1212 1838 1215 1844 .

98 1843 265 1906 Gilbertus
286 1841 473 1920 Burnettus,
492 1842 735 1907 sarisburiensis
752 1843 933 1928 episcopus,
947 1843 1139 1910 defendente

97 1927 242 2015 Moylio,
255 1927 335 2010 Opp.
349 1927 451 1991 vol.ii.
464 1948 495 2011 p.
506 1943 573 1991 152.
586 1927 672 1992 haud
685 1929 792 2014 plures
805 1929 1037 2014 quinquaginta
1051 1929 1140 1995 mille

98 2012 356 2076 Christianorum
374 2013 407 2076 id
422 2014 576 2097 temporis
593 2015 705 2077 Romae
720 2013 829 2076 fuisse.
867 2012 1030 2077 Caeterum
1047 2027 1139 2080 notat

98 2097 325 2175 Constantius,
347 2098 510 2183 irrepsisse
532 2098 563 2160 in
585 2098 735 2162 Latinam
758 2096 879 2162 Valesii
903 2099 1139 2183 interpretatio-

97 2204 173 2245 nem
210 2193 322 2245 uutuor
336 2195 368 2245 et
384 2181 596 2269 quadraginta
609 2204 648 2246 ex
665 2203 754 2246 mera
768 2183 947 2260 oscitantia,
964 2198 1139 2268 monetque

98 2268 190 2331 Strot
214 2266 276 2343 ‘us‚
300 2265 417 2330 habere
442 2266 615 2331 Castelliani
637 2266 824 2351 eaernpluris
847 2268 949 2331 Lectt.
973 2293 1055 2331 racc.
1082 2269 1137 2334 rto.

97 2352 264 2437 Scriptum
280 2366 387 2416 autem
404 2351 541 2415 habetur
554 2351 641 2438 apud
656 2350 793 2437 Syncell.
807 2352 865 2433 μζ.
900 2352 963 2416 Sed
978 2355 1139 2419 consentit

96 2436 217 2500 nostris
232 2437 361 2500 Eusebii
377 2437 544 2501 codicibus
558 2450 647 2501 vetus
661 2437 816 2522 interpres
832 2436 973 2522 thfirzus.

145 2522 179 2585 P.
195 2535 242 2584 12.
256 2520 279 2583 l.
292 2535 323 2584 3.
344 2521 480 2595 διακόνους
500 2523 575 2605 tata]
591 2522 660 2587 Diu
679 2538 754 2607 post
776 2523 845 2585 haec
862 2536 1007 2608 tempora
1022 2545 1138 2589 nume·
1186 2487 1188 2492 V
1270 2562 1273 2570 =

96 2628 171 2669 rum
187 2619 310 2690 septem
329 2606 536 2670 diaconorum
552 2629 592 2670 ex
607 2607 785 2671 imitatione
802 2606 926 2692 antiqui
946 2607 1138 2696 Hierosoly·
1209 2653 1214 2660 -

95 2691 213 2754 mitani
227 2712 304 2753 usus
320 2691 352 2752 in
366 2691 509 2755 ecclesiis
528 2691 648 2768 multis,
663 2693 837 2777 praesertim
860 2693 1015 2770 Romana,
1033 2707 1139 2758 reten-

95 2789 171 2839 tum
199 2786 296 2860 atque
322 2776 523 2840 observatum
554 2777 663 2854 fuisse,
688 2777 831 2841 ostendit
858 2776 900 2840 cl.
925 2777 1137 2862 Binghamus,

96 2860 181 2923 Anti
203 2859 261 2922 uit.
279 2859 398 2923 Eceles.
411 2861 466 2924 lib.
480 2861 513 2924 ii.
529 2882 599 2944 cap.
614 2877 664 2924 2ο.
684 2863 713 2943 ξ.
732 2877 791 2939 19.-
817 2861 939 2925 Confer
959 2863 1138 2930 Mosbemii

96 2945 153 3008 De
176 2881 276 3008 debus
300 2944 546 3008 Christianorum
569 2957 641 3009 ante
664 2945 858 3012 Constantio.
882 2947 934 3009 M.
959 2949 1040 3011 Saec.
1057 2950 1084 3012 l.
1106 2951 1137 3032 §.

95 3029 214 3093 xxxvii.
238 3050 313 3114 pag.
331 3045 397 3092 121.
425 3030 654 3116 Vanslebiique
677 3031 764 3095 Hirr.
787 3031 825 3095 de
846 3029 983 3117 l’Eglise
1004 3033 1140 3098 d'Aleass

97 3114 190 3176 andr.
213 3115 246 3176 P.
263 3115 289 3176 Ι.
304 3126 376 3199 cap.
396 3130 442 3178 15.
488 3117 540 3178 lta
561 3115 592 3178 in
616 3115 677 3178 fine
697 3117 767 3202 ipso
788 3117 897 3180 saeculi
918 3117 1021 3200 quinti
1040 3120 1137 3203 Sym-

96 3199 250 3262 machum
267 3200 478 3262 constitutum
493 3200 592 3263 fuisse
609 3201 721 3264 Romae
742 3201 931 3285 episcopum
952 3201 1087 3279 invenio,
1102 3207 1138 3277 ὥς

96 3281 147 3344 ἵνα
164 3290 217 3346 τῶν
238 3286 300 3345 talei
320 3283 446 3346 διακόνων
463 3284 539 3362 ὄντα,
555 3299 700 3349 narrante
723 3284 838 3348 Photio
859 3285 890 3347 in
907 3285 1138 3352 Erotematz'tas

96 3367 166 3430 suis
187 3390 207 3430 a
230 3369 281 3430 Fr.
299 3368 455 3432 Fontanio
478 3369 646 3434 Florentiae
668 3391 751 3434 anno
774 3382 848 3444 1785
868 3369 1009 3454 primum
1032 3370 1138 3452 editis,

96 3453 243 3516 Erotvi.
259 3472 292 3537 p.
305 3465 356 3516 44.

144 3537 227 3600 lbid.
242 3537 265 3600 1.
279 3550 311 3600 4.
334 3536 519 3612 ὑποδιακόνους
534 3540 666 3622 211ὰῖ111
681 3540 767 3604 hunc
783 3538 891 3603 locum
913 3539 1040 3624 gravius
1061 3563 1137 3627 pec·

96 3635 153 3684 cat
167 3620 353 3685 Blondellus
372 3622 556 3706 (Apolog.),
569 3647 641 3688 cum
657 3647 732 3688 eurn
748 3625 792 3688 ita
807 3625 1002 3710 perstringit,
1015 3641 1050 3689 ut
1067 3628 1138 3693 nul·

96 3706 163 3770 lam
188 3706 456 3770 subdiaconorum
476 3708 576 3771 faciat
597 3711 807 3787 mentionem,
824 3708 999 3794 exindeque
1023 3713 1138 3777 confici

97 3805 194 3876 putet
222 3789 327 3854 nullos
355 3806 425 3854 tum
454 3793 566 3855 Rornae
595 3794 807 3858 subdiaconos
835 3794 933 3857 fuisse
962 3792 1137 3862 institutos.

98 3875 164 3939 Sed
184 3875 330 3939 lectionis
344 3876 429 3939 illius
447 3876 618 3942 falsitatem
633 3901 708 3942 cum
723 3880 857 3942 Graecus
874 3879 1004 3942 Eusebii
1019 3893 1138 3962 textus,

97 3977 171 4024 turn
185 3961 300 4023 Latina
314 3961 419 4024 Rufini
435 3960 652 4045 interpretatio
664 3963 895 4028 demonstrant.
913 3963 1139 4033 Cousraur.

98 4046 186 4110 Cum
209 4053 333 4123 onmes,
354 4045 441 4132 quod
464 4046 574 4123 sciam,
598 4046 768 4112 lectionem
791 4062 952 4133 receptam
975 4064 1138 4132 praestent,

97 4131 211 4207 miror,
224 4130 411 4195 undeortus
423 4131 464 4193 sit
476 4131 636 4196 Blondelli
647 4155 744 4211 error,
759 4155 853 4219 quem
869 4134 1055 4198 Pearsonius
1065 4151 1140 4203 ante

99 4215 332 4281 Coustantium
343 4215 601 4302 reprehenderat,
613 4218 645 4282 in
654 4219 773 4284 Aunul.
792 4217 941 4304 Cypriae.
954 4219 995 4284 ad
1008 4240 1059 4284 au.
1069 4233 1139 4288 252.
