2678 4756
285 289 337 356 m
359 289 392 354 s.
418 285 637 354 commu
659 262 957 351 FRAGMENTA.
992 265 993 269 ‘
1086 300 1140 387 „2³

97 459 181 526 riito
191 456 368 525 Novatiani
381 457 471 522 socio
482 468 515 520 at
529 455 676 544 adjutore
691 455 744 520 blc
755 454 810 541 agi
822 454 959 530 videtur,
971 449 1142 547 velpe'us,

97 545 148 610 ait
161 544 344 622 Cornelius,
359 544 471 607 Romae
487 562 585 627 quam
599 540 721 605 insede
735 562 794 604 sua
808 561 842 604 se
899 546 998 603 rente.
1044 474 1142 601 Idem·

98 629 200 695 sentit
217 627 440 706 Constantius,
456 647 554 713 quem
572 626 654 690 infra
672 624 772 689 habes
788 624 830 689 de
877 623 994 687 varisto
1009 621 1072 685 hoc
1086 620 1138 686 in-

241 726 339 778 ntem·

172 725 262 862 ibini
273 813 323 862 23.
345 794 529 881 inexplebili
542 794 697 879 pravitate
712 796 781 880 sui]
800 790 984 878 inexplebili
998 790 1142 869 avaritia,

97 881 209 970 qualia
223 882 302 950 Bod.
321 897 347 945 1.
371 883 533 944 Faenus.

146 966 231 1031 Ibid.
245 967 268 1030 l.
281 973 331 1030 26.
348 965 482 1052 junctos
495 963 627 1044 habeat]
644 961 757 1028 Codex
772 962 869 1027 Colb.
884 961 1001 1026 vinctos
1016 959 1142 1040 taleas,
1204 1000 1207 1005 ·

97 1051 282 1130 aedeinde,
298 1051 383 1114 Bene
405 1047 509 1112 nalem
532 1062 651 1131 semper
661 1047 774 1134 frater
793 1046 971 1123 carissime3
992 1045 1046 1109 alii
1059 1045 1144 1124 duo,-

99 1137 188 1200 Bene
201 1134 388 1220 volefrater
400 1133 567 1197 carissime.
591 1133 815 1196 Consanus.
1124 1184 1127 1189 .

148 1220 231 1285 Ibid.
261 1221 351 1306 Opto
376 1231 408 1282 te
435 1218 508 1301 &c.]
535 1217 629 1281 Istud
655 1216 839 1281 addidimus
865 1237 904 1278 ex
931 1213 992 1278 fide
1018 1213 1140 1278 codicis

101 1305 270 1369 Remensis
290 1304 392 1368 sancti
412 1302 573 1389 Dionysii.
619 1303 658 1364 In
678 1301 814 1365 Fuxensi
831 1300 1052 1385 scriptumest
1068 1297 1165 1363 deae.

100 1388 207 1454 valere
233 1403 353 1474 semper
370 1388 482 1473 frater
510 1385 677 1450 carissime.
724 1388 763 1450 In
790 1407 856 1450 uno
881 1406 956 1447 meo
984 1382 1140 1468 simplici·

101 1485 177 1538 ter's
204 1474 290 1549 Bene
313 1472 383 1536 vale
428 1482 513 1536 rater
540 1471 706 1535 carissime.
732 1472 943 1536 Banuarus.
987 1468 1143 1533 Similiter.

102 1557 169 1622 hoc
190 1558 256 1644 legi
277 1557 310 1622 in
333 1557 388 1621 cad
411 1557 543 1621 .Veroa.
558 1566 588 1620 et
603 1556 682 1620 Bod.
698 1571 726 1619 1.
743 1556 864 1620 notavit
885 1552 1002 1633 Fellus,
1016 1554 1073 1640 qui
1092 1566 1143 1617 ta·

102 1640 1145 1791 32¹.itit.³tl.¹¹⁰..lli⁰‘{l..‘}lll²l'²&limittit¹³⁰⁸&de

102 1811 211 1890 verba,
227 1809 300 1875 deae
315 1773 390 1876 bale
399 1811 512 1897 frater
530 1810 698 1888 carissime,
713 1808 754 1873 ad
768 1810 863 1874 finem
878 1809 1023 1908 epistolae
1044 1829 1144 1907 prpx·

103 1895 170 1959 ime
189 1896 372 1982 sequentis3
395 1895 466 1960 baec
488 1916 563 1960 vero
581 1895 627 1959 ibi
647 1896 680 1959 in
702 1894 772 1959 edd.
794 1892 1009 1960 vetustioribus
1025 1897 1144 1959 omissa
1252 1950 1259 1958 ,

46 1996 54 2010 “
102 1992 206 2044 erant.

502 2258 504 2262 Α
580 2196 647 2299 n.

148 2405 186 2469 P.
193 2411 224 2469 6.
236 2405 260 2469 l.
270 2418 302 2470 3.
319 2401 493 2469 Cornelius
503 2401 683 2490 Cypriane]
694 2406 736 2468 Et
749 2403 803 2469 hle
818 2404 851 2468 in
866 2403 977 2489 priscis
988 2399 1144 2489 Cypriani

104 2489 300 2554 editionibus
321 2489 514 2566 obtinuerat,
533 2488 709 2574 Cyprianus
735 2489 887 2567 Cornelio,
908 2502 945 2552 ut
966 2488 1143 2552 etiamnum

104 2586 209 2638 exstat
222 2575 255 2638 in
271 2575 346 2638 MS.
363 2572 459 2638 Colb.
503 2574 658 2637 Exstabat
672 2586 706 2636 et
720 2573 783 2638 hoe
801 2575 906 2659 ipsum
922 2574 955 2637 in
971 2572 1071 2636 Corb.
1086 2570 1144 2636 sed

105 2657 253 2723 secundis
269 2659 354 2722 euris
368 2669 548 2723 correctum
563 2658 644 2722 fuit:
666 2681 763 2743 quam
777 2672 875 2735 recte,
889 2679 965 2723 cum
980 2659 1047 2742 ipse
1062 2677 1143 2721 con-

105 2755 224 2819 textus,
246 2756 317 2807 tum
340 2743 481 2807 subnexa
502 2741 647 2827 Epistola
667 2744 728 2806 viii.
755 2745 827 2828 (Ep.
846 2755 898 2819 47.
919 2743 961 2807 al.
980 2747 1043 2821 51.)
1067 2741 1145 2828 pro·

104 2827 195 2890 bant.
239 2827 403 2912 Superiori
418 2826 577 2926 epistole,
591 2849 664 2912 quae
683 2827 872 2912 Nicephoro
892 2827 1008 2891 tradita
1028 2826 1144 2905 fuerat,

105 2924 289 2996 antequam
302 2912 328 2975 is
365 2911 606 2989 rolierseeretu'r‚
618 2910 688 2974 haec
699 2911 851 2997 adjuncta
863 2927 922 2990 est,
932 2924 965 2975 et
976 2913 1017 2974 ab
1028 2909 1144 2974 eodem

105 2992 261 3080 acolytho
284 2933 416 3080 perlita.
460 2995 587 3080 Siquis
611 3008 720 3059 tamen
745 2998 827 3060 hanc
852 2997 957 3081 primo
979 2995 1144 3080 scriptam,

104 3079 200 3164 eique
222 3079 420 3165 superiorem
440 3077 627 3164 adjunctam
649 3081 751 3156 malit,
769 3081 927 3145 concedat
948 3081 1063 3145 saltem
1085 3101 1144 3150 ne·

105 3184 196 3226 cesse
210 3177 272 3241 est,
288 3176 459 3248 utramque
472 3165 542 3248 ipsa
557 3165 764 3248 profectionis
778 3165 957 3250 Nicephori
972 3166 1052 3229 hort
1063 3185 1143 3229 eon-

105 3248 256 3332 seriptam
278 3269 360 3312 esse.
404 3248 567 3335 Quocirca
588 3261 661 3312 utra
679 3250 766 3336 prior
787 3264 936 3333 ponatur,
957 3249 1008 3313 vel
1028 3271 1144 3335 parum

103 3331 154 3394 vel
174 3331 254 3395 nihil
274 3332 417 3397 interest.
440 3331 664 3397 Cousnsun'.
707 3335 789 3396 Haec
816 3333 951 3418 epistola
975 3346 1049 3397 ante
1073 3333 1150 3399 edi·-

103 3415 228 3480 tionem
250 3417 475 3480 Manutianam
497 3416 664 3481 dicebatur
684 3438 755 3483 esse
778 3416 932 3504 Cypriani
955 3417 996 3482 ad
1017 3417 1143 3483 Corne·

103 3499 199 3564 lium.
236 3500 406 3567 Manutius
422 3501 613 3565 emendavit.
651 3503 838 3567 Manutium
860 3502 989 3567 secutus
1009 3515 1059 3567 est
1082 3504 1141 3568 Pa·

103 3584 232 3649 melius.
276 3586 402 3671 Itaque¹
413 3583 531 3648 falsum
549 3587 701 3670 estquod
718 3589 762 3650 ait
785 3588 952 3672 Rigaltius'
964 3588 1143 3653 Pamelium

102 3668 152 3732 ita
165 3668 227 3732 seri
251 3669 328 3732 sisse
343 3691 384 3733 ex
394 3670 590 3734 con‘eetura.
623 3673 711 3734 Nam
727 3686 761 3736 et
774 3672 843 3757 ipse
859 3673 1015 3736 Pamelius
1029 3672 1144 3736 admo·

103 3767 162 3817 net
181 3691 408 3819 selectionem
426 3691 514 3818 iliam
538 3755 693 3818 invenisse
710 3756 742 3820 in
761 3756 873 3821 codice
888 3755 1145 3825 camberonensi

102 3837 183 3901 etin
193 3838 334 3903 editione
347 3838 548 3903 Manutiana.
571 3838 691 3902 Eadem
703 3854 791 3922 estat
801 3842 833 3904 in
845 3841 928 3904 libro
942 3841 1143 3922 Corbeiensi,

102 3923 138 3987 in
152 3921 220 4019 quo
278 3935 308 3986 st
323 3923 418 3987 verba
432 3919 474 3986 ex'
485 3922 542 3986 illo
557 3922 654 3987 allata
674 3946 694 3988 a
715 3924 754 3990 Ri
812 3926 857 3988 tio
874 3927 1039 4011 sequiturr
1064 3927 1140 3990 Cor·

101 4005 206 4070 netas
266 4007 377 4090 priano
388 4007 497 4106 fratri
517 4007 661 4071 salutem.
704 4011 751 4073 Ea
773 4030 824 4073 em
840 4023 928 4074 extat
942 4010 1039 4074 etiam
1053 4011 1086 4073 in
1100 4011 1142 4076 li·

102 4091 166 4154 bro
178 4091 479 4177 Gratianopohtano
496 4105 531 4157 et
552 4092 585 4155 in
607 4114 673 4157 uno
694 4115 768 4158 meo
784 4107 900 4172 vetere,
915 4095 947 4158 in
963 4115 1039 4181 quo,
1054 4106 1092 4158 ut
1106 4095 1142 4159 in

104 4174 295 4242 Corbeiensi
317 4177 474 4264 seriptum
498 4189 571 4242 est:
594 4175 752 4260 Incipiunt
771 4178 922 4264 rescripta
945 4177 1082 4246 Cornelii
1098 4179 1143 4245 ad

542 4301 544 4306 ·
602 4273 655 4326 04
