2678 4756
144 286 205 361 ιφ
480 264 869 350 Annorsnonrs

143 436 373 527 Dennenmsyr
386 437 420 504 in
436 437 687 505 institutionibus
707 439 774 505 suia
790 436 952 526 preclaris
967 436 1011 505 ad
1030 454 1185 529 pagate.

145 548 219 612 quae
234 548 319 589 anno
336 537 423 600 1788.
436 525 573 589 Viennae
586 524 684 589 oditae
697 538 784 590 sunt.
819 525 913 591 Alios
928 546 1029 613 porro
1042 532 1187 593 comme·

145 610 284 677 muravit
292 611 473 677 Weisman.
487 609 519 675 iu
535 610 623 675 Hist.
638 608 760 676 Erotes.
772 608 947 675 NoviTest.
963 610 1027 677 vol.
1042 612 1066 677 i.
1077 624 1188 697 paeto.

144 696 256 763 Adisis
270 710 305 761 et
319 695 534 760 Mammachii
550 695 694 783 Origines
715 706 745 761 et
763 694 962 781 Antiquitat.
980 694 1189 777 Christianae,

145 781 210 847 vol.
220 780 255 846 ii.
271 788 383 869 p.316.
408 782 465 867 qui
486 782 555 868 ipse
580 781 703 867 optime
724 780 781 859 ait,
802 780 829 847 si
849 782 898 845 fas
913 780 956 846 sit
977 794 1190 849 monuments

145 865 218 932 baec
231 882 339 932 vetera
351 868 384 932 in
399 867 514 952 spuriis
529 889 710 945 numerare,
722 866 848 931 nullum
861 887 937 931 sene
948 879 1016 931 tem
1029 867 1189 935 sincerum

143 963 280 1107 ιιὶιιιιιιιιιιι
292 953 471 1040 genuinum
483 954 629 1018 futurum
644 973 726 1032 esse,
745 952 834 1039 quod
848 952 980 1040 rejicere
991 953 1115 1043 cuique
1127 956 1190 1019 nou

169 1051 252 1104 ceat.

191 1126 227 1189 P.
237 1139 289 1204 91.
300 1124 324 1188 l.
334 1134 385 1188 24.
396 1123 577 1203 confessus]
590 1122 709 1204 Solius,
716 1122 1188 1210 quodeciam,Baluaiunaeedi·

146 1208 245 1276 tionis
260 1209 323 1274 tide
336 1209 449 1273 nititur
461 1208 524 1274 boe
538 1211 681 1288 verbum,
697 1209 864 1295 coufessus,
877 1210 939 1275 fine
954 1208 1128 1276 admonitu
1141 1232 1189 1275 re·

145 1310 290 1382 ceptum.
321 1295 438 1360 Versio
452 1294 611 1359 Actorum
627 1297 744 1360 Graeca
755 1307 879 1359 tantum
895 1293 1007 1374 habet,
1028 1296 1147 1381 ἂλλάιῇ
1177 1301 1189 1316 ’

145 1381 293 1468 inimices
307 1386 355 1457 τῆς
367 1378 502 1457 ἀληθείας
510 1381 598 1466 χάριν
611 1380 801 1465 ὡμολόγησεν.
824 1381 1020 1468 Majuuvero
1030 1392 1095 1461 eet,
1127 1404 1151 1445 u

146 1466 214 1532 loci
228 1479 339 1531 extant
352 1466 406 1529 alii
421 1466 454 1529 in
464 1464 527 1529 hoc
538 1467 686 1531 Concilio
696 1467 824 1531 circiter
835 1487 962 1545 novem,
997 1488 1118 1531 uorum
1130 1466 1188 1531 im·

147 1551 379 1617 mutandorum
394 1549 546 1615 Baluuius
562 1566 679 1637 praeter
693 1574 815 1617 osorem
831 1573 926 1617 suum
944 1488 1069 1615 millam
1085 1550 1189 1617 reddi-

148 1636 199 1703 dit
213 1637 382 1702 rationem.
426 1637 539 1723 Quum
555 1659 628 1701 vero
647 1638 692 1701 vir
713 1637 917 1702 doctissimus
936 1636 1068 1702 codices
1092 1637 1188 1724 scrip·

147 1734 201 1789 tos
222 1723 264 1787 ed
281 1722 414 1809 triginta
433 1722 539 1785 minus
562 1722 595 1785 in
614 1723 793 1788 subsidium
816 1721 964 1787 habuerit
976 1722 1011 1787 in
1027 1722 1190 1810 Cypriam

149 1830 209 1873 suo
224 1807 362 1888 edendo,
372 1806 451 1871 mibi
465 1821 534 1872 erat
548 1807 662 1893 religio
677 1808 841 1873 eliminare
851 1809 954 1873 bonas
968 1807 1114 1893 alioquin
1128 1808 1190 1873 lec·

147 1894 265 1974 tiones,
281 1892 322 1957 de
359 1914 472 1958 uarum
486 1915 583 1957 causa
598 1893 630 1957 in
645 1894 790 1958 absentia
803 1894 935 1959 testium
951 1892 1131 1980 prudenter
1141 1894 1189 1981 ju·

147 1978 256 2045 dicare
273 1917 491 2043 nodlicuerit.
515 1978 592 2042 Sola
605 2000 684 2064 ergo
693 1978 855 2045 delatione
869 1979 1004 2045 istarum
1019 1992 1190 2047 contentus

148 2066 208 2131 fui.
254 2064 319 2129 Sed
342 2064 414 2129 aliae
435 2077 590 2149 praeterea
611 2086 724 2150 paucae
744 2064 899 2130 lectiones
921 2076 998 2129 sunt
1018 2085 1039 2127 a
1057 2064 1191 2129 Balunio

147 2151 227 2217 item
246 2154 334 2235 <nam
358 2163 482 2214 textum
501 2149 732 2236 Cyprianicum
756 2161 831 2214 aute
852 2162 991 2215 mortem
1013 2148 1088 2236 ejus
1147 2150 1191 2235 pis

149 2237 343 2322 impressum
359 2236 459 2299 fuisse
476 2235 624 2299 Prrefetio
640 2235 795 2317 ostendit)
813 2255 888 2299 cum
905 2234 1034 2299 silentio
1047 2235 1122 2301 sim'
1136 2236 1192 2299 iter

150 2321 358 2399 introductae,
384 2342 464 2406 quas
487 2320 630 2408 quidem,
658 2343 733 2385 cum
761 2320 849 2385 haud
874 2342 966 2406 reque
989 2320 1089 2385 bouae
1108 2319 1192 2385 vide·

150 2421 273 2484 rentur,
296 2407 422 2470 ratione
442 2405 484 2470 de
507 2406 545 2469 iis
565 2406 701 2485 redditu,
726 2405 932 2473 dimittendas
956 2427 1027 2471 esse
1055 2428 1078 2469 a
1106 2417 1191 2471 textu

149 2491 268 2577 putavi.
306 2492 404 2555 Coni.
424 2512 521 2576 supra
543 2512 619 2577 pag.
635 2503 685 2568 27.
706 2491 763 2555 sed
784 2491 830 2555 ibi
852 2491 928 2570 dixi,
948 2490 1109 2578 Cypriani
1128 2503 1194 2557 tex·

149 2590 221 2642 tum
244 2599 311 2641 non
332 2589 440 2641 totum
456 2577 622 2640 assaluzio
637 2589 783 2641 curatum
800 2577 908 2655 fuisse,
927 2576 984 2640 ubi
999 2576 1117 2643 melius
1135 2596 1192 2663 po·

150 2662 297 2743 suissem,
316 2662 410 2727 illum
429 2661 600 2747 aliquando
618 2661 659 2725 ab
683 2661 860 2726 editoribus
880 2661 1102 2727 Benedictiuis
1181 2674 1194 2727 t

148 2761 290 2815 mortem
302 2748 428 2812 Baluzii
441 2759 604 2811 mutatum
625 2769 714 2826 esse;
737 2747 826 2833 quod
841 2748 874 2812 in
888 2746 1008 2811 celebri
1022 2747 1099 2812 loco
1106 2684 1194 2813 diiii

151 2835 189 2898 de
208 2834 335 2898 Unitute
346 2832 535 2897 Ecclesioea
551 2855 585 2896 se
600 2833 724 2896 factum
738 2832 799 2919 ipsi
815 2832 1017 2919 profitentur,
1041 2854 1101 2899 eos
1121 2855 1194 2899 vero

150 2933 189 2985 ut
204 2919 290 2983 istud
305 2919 349 2983 ibi
364 2918 496 3005 quidem
510 2917 664 2997 facerent,
680 2940 784 2983 causae
798 2931 957 2983 extreneae
968 2919 1180 3005 impulerunt.

196 3004 280 3069 lbid.
295 3005 318 3069 l.
331 3010 382 3068 26.
406 3015 462 3067 aut
475 3002 579 3090 ajuro
592 3004 1140 3091 communicationis-amoveutes]
1157 3002 1193 3069 ld

150 3091 241 3178 quod
255 3089 370 3154 saltem
385 3089 428 3153 ad
443 3101 571 3174 tempus
591 3089 710 3153 fecerat
730 3090 912 3176 Stephanus
932 3091 1099 3155 Romanus
1115 3112 1195 3176 pre-

152 3177 219 3255 sul;
243 3175 330 3240 unde
344 3175 461 3240 merito
478 3196 537 3238 suo
551 3175 623 3239 haec
637 3174 757 3239 audivit
772 3197 880 3239 exoro
895 3175 1021 3260 prolate
1036 3175 1194 3241 Firmilia·

151 3263 185 3327 ni
205 3261 430 3348 Cappadocis:
454 3260 542 3325 Lites
566 3272 596 3324 et
619 3260 820 3325 dissentiones
841 3271 976 3348 quantos
993 3260 1123 3345 parasti
1140 3275 1196 3345 per

41 3342 58 3367 s
151 3347 294 3413 ecclesias
316 3347 410 3410 totius
431 3345 560 3410 rnundi!
581 3348 748 3410 Peccatum
768 3369 835 3410 uero
857 3368 952 3432 quarn
971 3367 1126 3433 magnum
1140 3344 1196 3411 tibi

151 3432 364 3520 exaggerasti,
390 3431 512 3518 quaudo
537 3441 567 3495 te
590 3454 611 3495 α
635 3441 680 3495 tot
698 3431 846 3517 gregibus
865 3429 996 3495 scidisti.
1033 3429 1196 3497 Eacidisti

152 3518 235 3582 enirn
252 3518 407 3602 teipsum.
430 3515 507 3580 Noli
522 3526 553 3579 te
557 3515 691 3603 follere.
715 3516 877 3602 Siquidem
891 3515 946 3580 itte
960 3528 1007 3581 est
1017 3539 1090 3583 nere
1100 3516 1196 3583 sctu-

152 3603 297 3680 mutiens,
314 3602 369 3698 qzei
384 3623 415 3665 se
433 3624 452 3664 o
468 3601 676 3665 communione
690 3601 907 3666 ecclesiasticen
920 3601 1056 3667 unitatis
1071 3612 1195 3688 aposta-

153 3700 219 3754 turn
227 3689 356 3772 feceret.
401 3685 489 3749 Duru
507 3686 589 3750 enirn
605 3696 701 3770 putas
723 3709 824 3752 ornnes
842 3711 861 3751 a
880 3697 911 3751 te
930 3685 1081 3752 abstineri
1097 3704 1196 3772 posse,
1222 3700 1225 3705 '

152 3773 252 3839 solinu
268 3770 350 3836 teob
364 3769 502 3835 omnibus
513 3771 703 3852 obstinuisti,
715 3794 747 3857 p.
757 3787 823 3836 150.
834 3772 885 3836 ed.
896 3771 1197 3860 BenedCypriani,

151 3858 214 3925 sub
226 3858 322 3922 finem
338 3856 494 3942 epistolaes
520 3859 590 3921 Has
605 3869 714 3921 autem
729 3857 836 3922 literas
850 3857 1012 3942 accepisse
1026 3857 1197 3943 poetcele-

150 3943 282 4010 brutum
303 3941 366 4006 hoc
393 3941 578 4006 Concilium
601 3943 812 4029 Cyprianum‚
838 3941 981 4009 ostendit
1006 3944 1198 4011 Perizonius

151 4029 271 4097 Annei.
288 4029 330 4092 od
345 4050 397 4092 an.
410 4034 480 4091 256.
498 4030 549 4110 ξς.
563 4041 593 4107 8,
605 4046 636 4108 9,
655 4043 702 4107 ιο,
720 4044 768 4093 11.

195 4115 280 4180 lbid.
303 4114 391 4179 1.28.
415 4113 603 4212 episcopum
630 4136 663 4178 se
686 4115 913 4200 episcoporum
942 4113 1132 4199 constituit]
1154 4116 1198 4193 ¹ln

150 4216 213 4267 vet.
226 4202 415 4288 episcopum
430 4219 464 4262 se
478 4219 705 4285 episcoporum
717 4199 897 4264 constituit.
918 4200 1045 4287 (Vulgo
1059 4200 1199 4267 babetur

132 4286 324 4373 ,episcopum
340 4306 373 4351 se
384 4306 454 4357 esee
468 4308 496 4352 e.
513 4285 553 4369 c.)
578 4283 668 4373 quod
688 4284 889 4378 apertissime
906 4284 1050 4355 declarat
1062 4306 1124 4374 por
1138 4284 1195 4353 de-
