2678 4756
242 310 294 377 m
315 310 350 375 s.
376 302 593 375 connssn
616 301 911 372 aasumensi.
1047 326 1087 395 μ

59 492 140 544 tem.
182 479 273 545 Vitio
288 479 359 567 quis
372 479 508 557 verterit,
522 478 610 566 quod
625 476 757 543 Rufinus
773 474 947 541 cirismatis
966 498 1088 559 vocem,

58 588 134 653 quae
148 566 266 630 Grreoo
282 566 314 629 in
328 580 418 629 textu
434 586 495 629 non
510 564 704 642 enuntiatur,
718 562 895 627 addiderit?
919 562 982 627 Sed
997 562 1088 649 addi·

59 666 240 715 tamentum
255 650 339 715 iliius
352 664 465 714 contra
479 650 631 736 temporis
646 648 741 735 hujus
757 670 848 713 usum
866 648 943 713 nihii
964 662 1087 748 peccat,

58 736 162 800 immo
175 735 266 799 iilum
280 750 355 835 apte
369 734 518 820 explicat.
566 737 609 799 Ut
624 734 708 797 enim
725 732 905 831 Cyprianus
922 736 1021 820 Epist.
1037 746 1087 809 70.

56 842 135 885 curu
149 834 222 886 toto
236 821 389 885 Africano
403 819 539 884 concilio
557 820 663 897 docet,
682 819 764 905 Ungi
779 839 898 904 quoque
911 839 1027 883 necesse
1041 830 1087 883 est

57 926 130 969 enm
150 905 206 991 qai
226 905 406 990 baptizatus
427 905 478 983 sit,
499 915 536 968 ut
556 915 675 987 accepto
697 903 869 979 citriorum,
890 902 923 966 id
942 914 989 967 est
1012 924 1085 967 unr-

57 989 153 1069 tione,
163 1012 228 1055 esse
240 995 352 1055 unctus
364 989 425 1053 Dei
438 1002 468 1053 et
483 988 592 1053 isaim
607 990 639 1052 ia
653 1011 684 1053 se
695 988 834 1076 gratiora
851 987 966 1052 Christi
979 989 1085 1073 possit.

60 1074 111 1139 ibi
135 1076 222 1139 enirn
250 1076 434 1140 unctionem
459 1096 479 1138 a
504 1074 654 1160 baptismi
679 1088 876 1139 sacramento
903 1073 1085 1138 distinctam

58 1160 236 1245 praedicari,
251 1174 284 1224 et
304 1182 378 1245 quae
399 1160 541 1246 proxime
562 1158 765 1237 antecedunt,
783 1172 816 1222 et
838 1159 992 1243 particula
1012 1180 1088 1245 qno·

56 1266 128 1393 pse,
138 1258 176 1309 et
188 1247 281 1311 verba
294 1244 349 1331 qai
365 1244 541 1329 baptizatus
555 1244 607 1322 sit,
622 1266 686 1307 non
702 1243 755 1331 qui
770 1241 949 1328 baptizatur
962 1258 1018 1307 aut
1031 1246 1086 1331 qui

76 1330 265 1415 optimitas
282 1341 339 1409 est,
353 1331 512 1394 evincunt.
557 1330 653 1393 Porro
668 1351 707 1392 ex
720 1351 771 1406 ec,
787 1328 876 1415 quod
891 1330 1088 1394 Novatianus

57 1414 254 1501 baptismam
270 1417 337 1479 sine
352 1414 577 1479 chrismatione
592 1415 775 1499 accepisset,
786 1413 931 1477 Valesius
944 1435 1088 1478 manasse

57 1514 152 1585 putat
176 1522 311 1578 morem,
332 1501 373 1564 de
394 1522 460 1586 quo
480 1499 702 1563 Theodoretus
723 1498 778 1562 lib.
795 1499 840 1562 iii.
863 1499 985 1564 Haeret.
1009 1498 1085 1563 rab.

55 1604 131 1671 cap.
142 1599 172 1648 5.
187 1586 232 1648 ita
247 1586 409 1683 loquitur:
434 1584 602 1648 Novattani
623 1605 801 1648 successores
821 1584 870 1662 iis,
889 1606 964 1670 quos
984 1583 1087 1670 bapti·

56 1681 148 1747 aaut,
162 1670 388 1733 sanctissimum
400 1669 532 1733 chrisma
550 1692 611 1733 non
628 1668 780 1755 praebent.
819 1669 1013 1754 Quapropter
1026 1692 1085 1748 eos,

57 1754 116 1840 qai
127 1776 168 1818 ec
181 1754 239 1819 doc
253 1754 363 1819 itaeresi
376 1754 493 1839 corpori
505 1752 641 1818 ecclesioe
654 1755 892 1839 conjunguntur,
906 1753 1086 1819 laudatissi-

57 1838 104 1901 mi
115 1850 222 1923 patres
237 1840 346 1925 inungi
358 1844 580 1923 praeceperunt.
623 1838 687 1902 Sed
702 1839 826 1902 Nicaeni
841 1850 945 1924 patres
962 1840 1042 1903 Can.
1054 1852 1085 1905 8.

57 1936 184 1987 tantum
210 1925 409 2010 precipiunt,
431 1938 467 1987 ut
491 1923 661 1988 Novatisni
685 1944 741 2009 per
765 1945 877 1986 manus
905 1923 1083 2010 impositio·
1171 1961 1173 1964 ν

58 2029 135 2072 nem
149 2009 371 2093 suscipiantur.
416 2010 476 2073 His
490 2008 692 2073 concinentes
707 2008 835 2071 Siricius
855 2008 956 2093 Epist.
969 2033 997 2072 v.
1014 2030 1043 2073 c.
1056 2024 1096 2095 s..

57 2104 95 2156 et
110 2094 316 2158 Innocentius
332 2094 432 2178 Epist.
444 2095 476 2157 ii.
491 2114 561 2178 cap.
574 2106 604 2157 8.
618 2094 829 2169 constituunt,
846 2105 880 2156 ut
899 2093 1050 2158 venientes
1066 2118 1086 2159 u

53 2176 245 2243 Narrationis
265 2178 313 2242 vei
330 2176 542 2242 Montensibus
562 2194 617 2262 per
631 2199 739 2241 omnus
761 2176 862 2257 (addit
883 2179 1086 2245 Innocentius

58 2270 195 2344 tantum)
213 2262 434 2347 impositionem
453 2262 670 2347 sttscipioatar,
686 2261 773 2327 nulla
790 2262 981 2328 inunctionis
1002 2266 1087 2330 facta

58 2348 232 2412 mentione.
256 2350 305 2412 Ibi
320 2365 429 2412 sutem
442 2346 665 2412 'i'heodoretus
680 2349 739 2411 etsi
754 2347 795 2412 de
810 2348 990 2413 Novatiano
1004 2372 1086 2414 non·

55 2432 147 2497 nulia
166 2432 263 2497 tradit
284 2433 325 2498 ad
344 2446 524 2497 accuratam
545 2452 651 2496 rerum
673 2432 767 2497 fidem
789 2453 853 2496 non
873 2435 948 2497 satis
962 2450 1084 2515 exacta,

56 2518 99 2582 ed
116 2517 282 2582 Canonem
298 2532 328 2594 7.
343 2517 470 2583 concilii
486 2517 552 2581 ΟΡ.
570 2517 595 2580 Ι.
613 2516 810 2582 hauddubie
825 2519 964 2602 respicit.
991 2520 1087 2585 Cou-

60 2624 198 2669 suanr.
240 2604 326 2667 Bene
339 2603 383 2667 ait
396 2602 681 2668 cl.'Weismannus
696 2604 729 2666 in
746 2602 831 2667 Hist.
847 2603 934 2667 Ecci.
948 2604 990 2668 N.
1003 2607 1086 2670 Test.

54 2688 271 2776 “Nunquam
287 2687 413 2753 credam
430 2687 690 2763 Comeiiurn‚oui
705 2688 770 2751 ob''
827 2704 872 2768 nt,
886 2689 973 2775 quod
989 2712 1087 2778 nega-

55 2779 79 2813 “
94 2773 175 2837 verit
195 2773 353 2858 accepisse
376 2774 590 2836 Novatianum
611 2770 733 2921 Sum
844 2775 1004 2859 baptismo
1026 2798 1086 2841 suo

54 2864 78 2897 “
93 2859 261 2934 Sanctum,
284 2859 359 2957 quia
380 2857 564 2943 obsignatio
587 2858 631 2920 siv
692 2858 872 2923 oufirmatio
892 2859 1035 2960 episcopi
1056 2861 1086 2926 ei

54 2950 79 2983 “
94 2964 159 3006 non
173 2944 270 3007 fuerit
281 2943 377 3007 simui
392 2942 521 3022 collata,
537 2940 689 3028 majorem
709 2943 941 3009 confirmationi
958 2966 1085 3030 episco-

53 3034 80 3068 “
94 3028 161 3113 pali
175 3028 322 3092 virtutem
337 3028 494 3104 tribuisse,
505 3048 603 3113 quam
618 3027 679 3113 ipsi
691 3028 860 3114 baptismo.
887 3032 997 3115 ipsum
1013 3032 1086 3095 No·
1147 3104 1150 3109 ,

55 3119 79 3153 “
94 3113 210 3177 tatiani
230 3114 424 3197 baptismum
446 3112 618 3191 nauseant,
632 3128 836 3211 quapropter,
852 3136 926 3178 curn
947 3115 1084 3179 eundem

56 3204 79 3237 “
93 3197 254 3281 recitaret,
271 3195 404 3275 addidit,
420 3195 455 3261 Si
476 3207 580 3261 tamen
600 3196 680 3261 hunc
700 3197 791 3261 illum
813 3199 961 3282 occepisse
981 3198 1084 3262 dicen-

55 3288 80 3321 “
90 3282 167 3346 dam
181 3293 225 3346 est
233 3307 246 3360 ς
262 3283 421 3347 nauseavit
433 3304 562 3381 quoque
576 3298 609 3346 et
622 3282 715 3346 malae
726 3284 847 3368 absque
857 3282 956 3346 dubio
967 3283 1085 3369 origini

56 3372 81 3407 ‘⁸
94 3367 275 3467 adscripsit,
289 3366 378 3453 quod
397 3366 595 3432 Novananus
614 3378 802 3431 consuetum
823 3366 854 3430 in
876 3367 1010 3431 ecclesia
1024 3368 1086 3433 ob·

56 3456 80 3505 ‘t
93 3452 283 3537 signatroms
297 3452 395 3517 ritum
408 3452 584 3600 nppiexerit
598 3464 695 3537 atque
709 3453 923 3517 contemserit.
968 3453 1006 3516 In
1021 3452 1084 3519 hoc

56 3536 1007 3708 11smssttvss..ssss¹³ssistimur
1014 3560 1086 3640 q

55 3705 217 3770 “-nime.”
227 3706 298 3770 Sec.
308 3706 353 3770 iii.
365 3708 395 3790 ξ.
408 3712 491 3770 16.4.
504 3727 536 3792 p.
542 3718 611 3770 254.
632 3705 793 3773 Caetemm
805 3700 882 3771 dum
894 3728 989 3793 super
996 3731 1086 3795 quae-

56 3790 174 3868 stione,
187 3805 296 3855 utrum
306 3791 510 3877 consignatio
519 3812 576 3855 seu
587 3791 786 3856 confirmatio
797 3791 828 3855 in
841 3792 952 3856 ritibus
965 3793 1085 3879 baptis·

57 3875 103 3939 mi
116 3886 271 3975 tanquam
286 3896 358 3963 pars
371 3876 440 3962 ejus
454 3875 531 3940 olim
547 3875 656 3939 habita
669 3876 722 3960 sit,
734 3876 935 3961 disputamnt
949 3877 1017 3942 duo
1030 3879 1086 3944 viri

10 4044 13 4049 Ι
56 3960 212 4047 primarii,
228 3962 261 4024 H
263 3960 463 4039 ammondus,
478 3960 608 4041 inlibro
618 3961 669 4029 De
682 3960 917 4109 conparatione
931 3977 1084 4046 postumo

56 4045 207 4133 negantis
226 4058 331 4131 partes
346 4044 514 4125 sustinens,
528 4058 562 4110 et
573 4045 719 4112 Dallaeus
767 4046 941 4111 eCuitibus
952 4046 1085 4112 Latino·

55 4152 141 4209 ram,
160 4129 216 4218 qui
234 4128 322 4195 istud
342 4129 548 4204 affirmaverat
558 4153 568 4210 3
592 4130 828 4210 Hammondus,
845 4131 923 4218 quia
934 4130 1083 4196 Christo·

52 4214 317 4301 pharaonibus
336 4214 456 4281 habant
468 4214 522 4309 ἢ,
536 4222 585 4278 sot
601 4220 799 4304 emmim
812 4236 871 4303 pro
883 4222 933 4281 sot
945 4224 982 4287 st,
990 4232 1083 4305 epp..

549 4318 571 4366 Β
582 4314 602 4363 2
