2678 4756
316 298 534 372 conon.
559 262 892 368 canrnscsv.
1082 298 1125 386 ⁸5
1183 349 1185 353 ,

80 468 139 554 iio,
152 473 349 563 Eutyciano,
363 474 428 540 alio
447 473 607 561 Gargilio,
624 471 688 538 alio
710 468 895 550 Saturnino,
914 467 1125 551 Nemesiano,

80 582 261 670 Ns'mpulo,
276 583 476 662 Antoniano,
491 580 686 669 Rogatiano,
706 580 879 647 Honorato
900 579 1053 646 fratribus
1072 598 1126 644 sa·

79 692 195 761 tuum.
241 691 328 758 Cum
345 693 442 758 simul
454 693 489 758 in
504 690 643 758 concilio
656 711 812 770 essemm,
825 691 939 757 fratres
956 687 1125 767 carissimi,

79 801 222 888 legimus
235 800 360 868 litteras
373 815 491 869 vestras
503 822 584 890 quas
596 800 638 866 ad
653 821 712 866 nos
726 799 848 866 fecistis
859 799 900 869 ds
913 799 953 865 iis
965 799 1024 887 qni
1036 796 1126 886 apud

51 911 252 978 shaeoetieos
265 924 300 978 et
313 911 537 978 schismaticos
555 909 712 998 baptizati
724 909 881 989 videntur,
894 931 937 976 an
957 907 1000 974 ad
1019 906 1125 985 eccle·

79 1021 161 1086 siam
176 1015 384 1103 catholicam,
399 1043 472 1109 quae
493 1005 559 1086 una
577 1032 611 1084 et
627 1041 701 1085 vera
717 1032 779 1098 cst,
792 1016 954 1085 venientes
968 1015 1127 1104 baptizari

79 1127 231 1194 debeam
274 1129 328 1195 De
342 1151 407 1218 qua
419 1151 456 1198 re
469 1149 667 1217 quamquam
688 1142 723 1194 et
740 1126 803 1215 ipsi
823 1126 890 1195 illic
906 1127 1071 1194 veritatem
1090 1139 1126 1194 et

79 1238 265 1305 firmitatem
277 1239 448 1306 catholicae
461 1238 583 1326 regulae
597 1237 744 1316 teneatis,
754 1249 864 1302 tamen
877 1236 1030 1324 quoniam
1044 1257 1126 1302 con·
1206 1328 1208 1332 .

78 1348 233 1418 sciendos
256 1372 317 1416 nos
342 1371 402 1436 pro
425 1349 591 1416 communi
615 1346 789 1421 dikctione
810 1345 1027 1426 existimastis,
1050 1368 1126 1411 sen·

27 1461 72 1522 io
78 1458 216 1537 tentiam
228 1471 371 1525 nostram
387 1482 453 1525 non
468 1481 583 1530 novam
598 1457 791 1546 promimus,
804 1456 862 1523 sed
872 1456 1069 1546 jampridem
1083 1456 1127 1523 ab
1193 1513 1194 1516 ,

78 1568 338 1634 antecessoribus
353 1569 472 1635 nostris
491 1580 648 1635 statutam
661 1579 696 1633 et
709 1590 729 1634 a
743 1563 837 1632 nobis
851 1567 1053 1633 observatam
1068 1587 1126 1633 vo.-

78 1675 209 1741 biscnm
220 1677 290 1764 pari
301 1678 513 1743 consensione
524 1677 766 1765 conjungimus,
780 1676 854 1762 (vid.
864 1679 945 1760 not.)
958 1687 1126 1743 censentes

78 1784 207 1851 scilicet
216 1798 251 1852 et
261 1807 322 1872 pro
334 1801 425 1853 certo
437 1801 584 1853 tenentes
598 1787 760 1853 neminem
773 1786 852 1853 foris
866 1787 1022 1874 baptizari
1037 1800 1127 1853 extra

78 1895 250 1960 ecclesiam
265 1917 373 1982 posse,
386 1917 463 1962 cum
478 1897 519 1962 sit
533 1896 694 1983 baptisma
713 1918 815 1961 unum
837 1896 870 1960 in
888 1910 1000 1963 sancta
1020 1897 1127 1963 eccle·

23 2012 70 2072 '13
80 2004 129 2070 sia
146 2006 376 2086 constitutum,
398 2018 432 2072 et
453 2006 609 2094 scriptum
632 2006 674 2071 sit
694 2005 840 2071 Domino
862 2004 1013 2072 dicente:
1038 2005 1126 2073 hMe

79 2111 334 2201 derelinquerant
345 2113 475 2202 fontem
495 2137 589 2203 aqnae
609 2115 703 2194 vince,
715 2125 746 2179 ct
764 2112 939 2199 qffodesnnt
959 2114 1018 2187 sibi
1039 2113 1126 2183 iocus

79 2213 211 2293 detritos
225 2229 280 2317 qni
293 2252 355 2296 non
366 2241 494 2316 possunt
507 2252 623 2318 aquom
635 2239 773 2315 portare.
817 2231 861 2295 Et
881 2229 998 2295 iterum
1019 2229 1128 2296 divina

80 2337 240 2424 scriptura
252 2351 385 2405 moneat
399 2353 433 2405 et
447 2339 548 2406 dicat:
565 2338 630 2403 iAb
645 2360 730 2426 aqna
743 2337 847 2403 alieno
860 2337 980 2404 abstine
996 2350 1037 2420 te,
1055 2350 1087 2405 et
1106 2362 1127 2406 a

67 2445 168 2533 sonte
188 2469 283 2535 aquae
305 2447 421 2514 aiimae
441 2471 479 2514 ne
502 2447 623 2513 biberis.
667 2448 808 2535 Oportet
828 2469 908 2534 ergo
928 2448 1079 2514 mundari
1092 2463 1127 2517 et

27 2555 275 2636 20sanctificari
297 2578 414 2645 aquam
437 2559 526 2644 prius
548 2579 568 2622 a
589 2556 766 2638 sacerdote,
784 2569 822 2622 ut
843 2559 945 2645 possit
964 2560 1128 2645 baptismo

80 2648 142 2733 sno
167 2681 301 2754 peccata
325 2669 466 2735 hominis
492 2671 549 2756 qui
572 2667 757 2756 baptizatur
782 2668 938 2749 abluere3
969 2671 1046 2756 quia
1069 2691 1127 2756 per

79 2758 287 2843 Ezechielem
302 2779 496 2866 prophetam
510 2779 674 2843 Dominus
688 2777 784 2842 dicit:
808 2777 881 2843 kEt
894 2794 1059 2866 aspergam
1073 2801 1127 2845 su·
1236 2809 1237 2812 ¹

73 2903 135 2973 per
156 2910 208 2953 vos
229 2911 346 2976 aquam
366 2890 527 2969 mandam,
542 2887 821 2954 et'mundabimini
841 2888 879 2952 ab
903 2889 1042 2954 omnihus
1063 2889 1125 2955 im·

76 2994 244 3060 munditiis
258 2997 379 3086 vestris,
393 3008 423 3062 et
438 2996 476 3061 ab
490 2996 628 3062 omnibns
642 2995 818 3062 simulacris
831 2997 942 3062 nestris
955 2988 1124 3064 emundabo

28 3119 70 3172 25
79 3123 145 3182 vos,
159 3114 190 3167 et
205 3102 282 3168 dabo
297 3103 382 3169 vobis
396 3128 447 3169 cor
459 3127 583 3184 novum,
599 3117 629 3170 et
643 3104 789 3190 spiritum
803 3129 916 3171 nonum
932 3108 1009 3172 dabo
1025 3108 1058 3173 in
1072 3131 1126 3173 vo·

79 3211 139 3278 his.
193 3215 372 3309 Quomodo
402 3229 512 3279 autem
543 3215 698 3279 mundare
723 3230 757 3279 et
783 3217 980 3286 sanctificare
1005 3239 1125 3304 aquam

76 3335 189 3411 potest
202 3325 259 3412 qui
272 3324 342 3412 ipse
356 3325 545 3391 immundus
561 3338 611 3391 est
625 3338 659 3390 et
671 3324 760 3411 apud
774 3347 872 3412 quem
887 3327 1017 3411 spiritus
1031 3347 1125 3392 sanc·

76 3441 133 3496 tua
150 3445 293 3511 nonest,
308 3454 385 3498 curn
400 3433 563 3499 Dominus
579 3433 666 3498 dicat
683 3434 716 3497 in
734 3435 912 3500 Numeris:
935 3434 1002 3499 lEt
1021 3436 1126 3503 omnio

77 3562 274 3628 quaecunque
289 3543 429 3631 tetigerit
449 3544 626 3609 immundus
646 3543 807 3609 immunda
822 3555 922 3610 nunt.
956 3546 1027 3611 Aut
1042 3569 1125 3634 quo·

25 3648 179 3722 eomodo
199 3650 368 3737 baptizans
389 3651 467 3716 dare
490 3652 582 3717 alteri
603 3653 769 3717 remissam
791 3667 999 3739 peccatorum
1014 3669 1125 3743 potest

75 3757 135 3844 qui
148 3756 217 3844 ipse
234 3779 292 3850 sua
306 3773 440 3845 peccata
453 3759 614 3847 deponere
628 3774 718 3827 extra
731 3763 901 3828 ecclesiam
914 3787 978 3831 non
992 3771 1121 3852 potest?

75 3869 144 3937 Sed
168 3883 203 3936 et
220 3872 290 3959 ipsa
309 3871 521 3975 interrogatio
537 3899 610 3963 quae
626 3875 662 3942 fit
675 3876 709 3940 in
722 3876 886 3962 baptismo
899 3879 991 3945 testis
1004 3893 1054 3946 est
1068 3903 1122 3947 ve·

74 3977 194 4048 sitatis.
211 3979 221 3997 ’”
237 3983 326 4048 Nam
347 3990 424 4050 cnm
445 3984 597 4066 dicimus,
614 3985 722 4051 Orodis
743 3987 776 4053 in
796 3987 896 4053 vitam
916 4000 1070 4057 oetmnam
1090 4003 1124 4058 et

174 4147 188 4188 ¹·
206 4150 275 4198 Hier.
287 4152 312 4200 ii.
326 4161 365 4202 1³.
696 4154 704 4190 ¹
720 4155 945 4207 Pror.ix.1a.sec.
958 4169 1025 4207 m.

174 4225 394 4287 *Ezechmxst
405 4242 499 4296 amno.
612 4309 631 4362 3
692 4232 701 4274 1
717 4234 910 4290 Numnam.

575 4316 600 4362 Θ

214 4504 237 4537 β
