2678 4756
231 306 294 373 ιφ
567 286 931 359 auncrurrouns

275 461 309 524 P.
323 472 372 525 85.
388 458 410 523 l.
423 472 473 523 82.
496 457 560 524 Sed
574 472 608 523 et
623 459 693 545 ipsa
708 454 930 546 interrogatio]
949 459 1037 523 Dum
1049 459 1275 547 mergitamur,

228 545 336 632 inquit
357 544 586 622 Tertullianus,
616 542 898 632 ampliusaliquid
924 545 1150 629 respondentes,
1176 566 1277 632 quam

229 630 385 696 Dominus
407 630 440 693 in
462 629 636 715 Evangelio
660 630 889 710 determinavit,
911 630 965 694 sul
986 629 1155 695 Antistitis
1177 651 1277 694 manu

102 732 113 743 “
228 727 445 781 contestamur.
469 718 686 780 Rmaarrus
703 716 825 780 ofello
838 717 964 781 allatus.

273 803 308 866 P.
321 808 370 866 86.
386 802 409 866 l.
419 816 450 866 2.
467 801 672 865 remissionem
680 812 873 886 peccatorum
879 817 937 886 per
944 810 1086 865 sanctum
1094 798 1273 885 ecclesiam]

228 887 463 974 Apostolorum
480 887 674 974 Symbolum
691 909 875 974 quanquam
896 888 930 951 in
953 886 1110 951 omnibus
1126 886 1275 952 ecclesiis

227 972 381 1051 obtinuit,
404 973 437 1037 in
458 971 593 1058 singulis
615 971 695 1050 fere,
712 972 988 1058 quemadmodum
1007 994 1027 1037 a
1047 971 1177 1037 Ruffino
1189 972 1272 1037 olim

227 1059 444 1137 observatum,
467 1059 668 1143 aliquatenus
691 1057 854 1122 variabat:
889 1059 1075 1122 Africanam
1099 1056 1273 1123 occimiam

227 1144 292 1209 hoc
315 1144 416 1209 modo
430 1143 581 1208 articulos
603 1143 701 1208 hosce
714 1144 911 1243 concepisse,
932 1165 972 1207 ex
988 1142 1144 1241 Cypriani
1166 1142 1271 1208 verbis

227 1230 304 1295 satis
316 1230 441 1294 videtur
454 1246 620 1307 constare;
644 1227 852 1316 ipsa,inqu1t,
869 1229 1071 1327 iuterrogatio
1085 1250 1161 1315 quea
1171 1228 1222 1315 fit
1239 1229 1272 1292 in

227 1314 378 1400 baptismo
395 1315 481 1379 testis
496 1325 542 1378 est
553 1315 707 1379 unitatis.
753 1315 838 1378 Nam
853 1336 921 1377 mom
936 1315 1088 1378 dieamus.-
1114 1313 1224 1379 Credis
1238 1314 1271 1379 in

227 1402 326 1464 uitam
338 1412 503 1480 oeternum,
514 1412 545 1464 et
559 1399 767 1464 remissionem
785 1401 844 1465 bac.
860 1414 949 1487 patet
961 1399 1045 1464 hanc
1060 1399 1269 1465 fuisseinter·

226 1485 432 1572 rogationem
448 1509 522 1571 quae
536 1485 571 1548 fit
584 1485 618 1548 in
632 1486 817 1571 baptism03
841 1500 875 1553 et
888 1486 984 1550 verba
999 1486 1069 1571 ipsa
1083 1484 1204 1572 quibus
1219 1508 1269 1550 sa·

226 1571 340 1636 cardos
355 1569 585 1655 interrogando
595 1570 730 1655 praeivit,
738 1587 771 1636 et
784 1594 857 1657 quae
871 1572 1123 1638 catechumenus
1134 1592 1269 1657 respon·

226 1657 306 1721 dens
330 1657 505 1742 repetebat.
539 1656 685 1741 Epistola
708 1657 749 1721 ad
770 1660 934 1744 Magnum
957 1656 1071 1722 eadem
1092 1668 1270 1721 occurrunt

224 1742 334 1821 rerba,
346 1742 458 1806 ordine
472 1741 674 1827 aliquantum
688 1756 826 1807 mutato.
859 1742 966 1808 Credis
976 1741 1185 1807 remissionem
1197 1756 1267 1826 pec·

227 1838 377 1907 catorum,
393 1837 424 1891 et
437 1828 536 1891 uitam
551 1834 702 1891 estunam
716 1843 773 1912 per
787 1839 929 1893 sanctam
944 1827 1133 1892 ecclesiam?
1170 1827 1268 1892 Certe

225 1912 381 1978 'articulus
397 1912 437 1977 de
451 1913 681 1977 communione
696 1928 894 1993 sanctorum,
908 1915 941 1977 iu
955 1912 1149 1978 occidentali
1161 1913 1267 1978 eccle-

224 2000 273 2063 sia
285 1999 385 2064 serius
400 1999 552 2063 obtinuit.
596 2000 714 2085 Neque
728 1999 814 2063 enim
830 2003 862 2063 in
878 1999 1072 2086 Aquileiana
1085 1998 1266 2085 reperieba-

225 2096 279 2149 tur
293 2097 439 2171 tempore
455 2083 582 2162 Ruffini,
599 2106 658 2148 nec
673 2086 819 2170 agnoscit
833 2087 878 2149 D.
888 2085 1094 2170 Augustinus
1109 2083 1268 2159 intrude

226 2169 306 2234 Fide
330 2186 364 2234 et
387 2170 567 2258 Symb010;
592 2171 702 2233 necin
726 2171 799 2234 fidei
822 2171 963 2234 formula
982 2180 1148 2256 comparet
1169 2192 1268 2256 quam

224 2255 357 2320 tradidit
371 2256 536 2319 Maximus
549 2256 766 2335 laurinensis,
779 2269 836 2320 aut
845 2278 941 2343 quam
955 2254 1103 2341 exposuit
1118 2254 1267 2341 Chryso·

223 2341 319 2426 lngus
332 2365 341 2416 3
365 2363 431 2404 non
454 2341 552 2404 etiarn
575 2341 715 2404 occurrit
741 2342 774 2405 in
800 2357 906 2406 vetere
928 2341 1041 2407 codice
1064 2340 1143 2404 MS.
1170 2340 1268 2428 Regis

224 2426 423 2491 AEthelstani
447 2425 480 2489 in
501 2425 657 2489 Biblioth.
677 2426 884 2505 Cotroniana‚
903 2427 960 2491 ubi
979 2426 1021 2490 ad
1041 2425 1189 2491 Psalterii
1201 2427 1266 2491 cal-

222 2533 296 2576 cem
313 2510 500 2598 symbolum
514 2512 629 2574 Graece
643 2511 791 2576 habetur.
835 2515 907 2576 Nec
923 2513 955 2576 in
966 2512 1077 2577 codice
1087 2511 1267 2577 Bodleiano

224 2597 385 2661 Actorum
411 2596 688 2681 Apostolicorum,
718 2598 774 2661 ubi
804 2597 904 2662 literis
933 2597 1098 2663 Saxonicis
1127 2597 1268 2664 habetur

224 2683 411 2769 symbolum
428 2684 543 2745 Graece
558 2683 765 2768 descriptum,
782 2682 871 2769 quod
888 2688 1015 2748 constat
1035 2682 1125 2747 mille
1146 2683 1266 2748 abhinc

223 2768 314 2832 anuis
328 2767 427 2831 fuisse
445 2780 622 2832 exaratum.
669 2770 742 2831 Imo
764 2791 829 2832 non
848 2791 867 2832 a
883 2769 1006 2833 Graecis
1028 2768 1267 2855 agrioscebatur

221 2852 355 2918 Eusebii
371 2866 526 2938 tempore,
547 2876 606 2917 nec
623 2853 803 2938 Epiphanii‚
826 2854 941 2941 Cyrilli
963 2852 1265 2940 Hierosolymitani‚

224 2954 282 3004 aut
298 2938 437 3002 Concilii
450 2939 613 3023 Ephesini.
642 2941 714 3001 lmo
730 2940 860 3025 quidem
873 2939 1025 3004 articulus
1040 2939 1079 3003 de
1094 2940 1159 3004 vita
1175 2952 1267 3004 aeter·

225 3048 267 3088 na
282 3024 480 3089 desideratur
500 3024 533 3087 in
554 3024 787 3109 exemplaribus
808 3026 925 3090 nostris
943 3045 1039 3110 supra
1058 3025 1265 3104 memoratis3

223 3110 270 3174 sic
285 3110 370 3174 enim
388 3122 529 3173 extrema
542 3109 683 3219 symboli
695 3131 729 3172 se
742 3110 881 3174 habent:
898 3108 985 3194 ἁγίαν
997 3110 1161 3188 ἐκκλησίαν,
1169 3109 1267 3195 ἄφεσιν

222 3198 377 3284 ἇμαςτιῶν,
393 3197 496 3282 πικρὸς
512 3199 660 3268 o’rru5uorr.
675 3195 758 3276 ἁμήν.
782 3197 943 3260 FELLUS.

267 3284 301 3346 P.
314 3287 364 3346 86.
379 3280 400 3345 l.
413 3294 442 3344 4.
465 3281 629 3366 baptizare
645 3282 755 3365 posse]
779 3280 971 3367 Adjecimus
992 3281 1064 3346 haec
1086 3279 1154 3346 duo
1170 3302 1264 3347 roca·

219 3368 299 3431 bula
313 3389 351 3429 ex
367 3367 429 3430 fide
441 3381 579 3452 quatuor
588 3380 731 3430 veterum
743 3367 971 3452 exemplarium
986 3390 995 3443 ;
1010 3388 1151 3453 quorum
1163 3386 1265 3432 unum

221 3466 272 3516 est
288 3452 493 3528 Corbeiense,
510 3452 541 3513 in
558 3474 624 3536 quo
639 3452 775 3535 epistola
788 3451 850 3516 ista
862 3453 912 3516 bis
924 3451 1071 3516 habetur.
1095 3453 1264 3517 Bonum·

224 3537 284 3602 u's.
322 3538 400 3601 Non
414 3536 561 3621 agnoscit
576 3536 730 3600 vocabula
744 3538 964 3622 interpretatio
976 3537 1121 3624 epistolae
1138 3538 1265 3618 Graece,

223 3623 256 3688 in
295 3643 337 3685 ua
351 3628 375 3683 oi
390 3627 531 3707 uiperruoir
546 3622 688 3769 ourn‘yopor
703 3622 846 3708 positum
863 3637 922 3687 est.

222 3724 225 3729 ·
266 3709 280 3770 Ι
307 3706 351 3770 id.
369 3706 390 3770 l.
402 3724 432 3784 9.
455 3705 592 3790 gratiam
618 3706 752 3793 Crristi]
782 3709 990 3786 Suavitatem,
1015 3726 1088 3793 quaa
1111 3708 1265 3773 unctione

221 3792 431 3879 significatur.
465 3790 671 3870 Christianus,
694 3793 799 3879 inquit
820 3793 1006 3880 Septimius,
1037 3802 1191 3879 quantum
1213 3793 1263 3858 in·

221 3876 404 3965 terpretatio
424 3888 481 3956 est,
502 3876 540 3940 al
554 3877 695 3942 unctione
708 3878 881 3943 deducitur.
928 3879 990 3942 Sed
1009 3889 1040 3941 et
1062 3900 1131 3941 cum
1151 3893 1262 3964 perpe·

221 3986 292 4029 ram
311 3962 511 4027 Chrestianus
528 3963 763 4046 pronunciatur,
785 3965 823 4028 de
839 3964 994 4028 suavitate
1009 3962 1059 4027 uel
1072 3962 1263 4050 benignitate

223 4049 402 4134 impositum
415 4059 472 4112 est.
498 4049 715 4114 R1oanr1us
732 4073 751 4113 a
765 4049 855 4114 Fello
869 4050 997 4114 allatus.
1202 4050 1208 4061 '

265 4134 349 4200 lbid.
364 4134 387 4198 l.
402 4149 449 4197 10.
463 4132 657 4198 eucharistia
677 4147 727 4198 est
747 4135 1125 4219 unde-sanctificatum]
1143 4136 1261 4199 Veram

220 4242 290 4285 esse
305 4219 497 4287 arbitramur
511 4218 704 4305 scripturam
722 4242 819 4307 quam
832 4218 936 4287 edidit
949 4219 1120 4287 Manutius
1129 4243 1142 4301 ς
1151 4292 1154 4297 ,
1164 4236 1260 4308 porro
