2678 4756
186 265 240 333 IN
258 264 472 333 DIONYSII
495 264 609 330 ROM.
632 257 974 330 FRAGMENTUM.
1039 267 1101 354 189

58 435 103 503 ad
118 434 209 523 quod
223 435 356 522 quidem
378 434 597 521 fragmentum
618 433 735 500 similia
754 433 805 498 his
827 434 991 500 adnotavit
1010 424 1101 500 Cou-

59 522 211 600 stautius‚
231 520 272 585 de
288 520 472 587 discrimine
489 541 612 598 sensus,
624 542 689 605 quo
705 520 732 584 is
746 519 895 605 opinatus
910 535 960 585 est
974 520 1103 606 Dionys

59 606 148 674 sium
162 607 251 672 idem
263 605 344 671 illud
360 605 517 680 ύτοςάσεως
527 605 720 671 vocabulum
735 608 928 690 usurpasse.)
945 611 967 668 εἰ
979 612 1019 691 τῷ
1032 610 1104 691 τρεῖς

60 691 130 757 siras
152 697 204 766 τὰς
218 692 364 766 miras
384 688 585 776 μεμερισμένας
599 689 715 774 λέγετε,
729 695 799 776 τρεῖς
812 695 875 769 sior,
891 690 944 776 nqis
958 695 996 772 μὴ
1007 691 1103 754 θέλω·

60 801 118 854 σιν,
131 775 148 854 ἢ
161 782 209 856 τὴν
224 777 314 843 Θείαν
332 776 432 861 τριάδα
445 784 593 850 παντελῶς
609 774 793 854 ἀνελέτωσαν,
808 776 924 839 eodem
938 776 1105 840 intellecta

61 861 153 929 dicit.
199 861 297 927 Unde
315 861 455 948 suspicio
477 861 592 938 estid,
615 861 705 947 quod
727 882 813 924 nunc
835 860 961 925 disserit
975 862 1104 948 Diony·
1135 909 1138 920 .

60 947 128 1013 sius
146 947 323 1024 Romanus,
345 946 377 1011 in
398 945 653 1011 Alexandrinum
669 945 794 1024 cadere,
815 947 871 1031 qui
891 968 967 1010 cum
983 946 1016 1009 in
1032 947 1105 1011 Deo
1210 1007 1213 1013 .

60 1035 133 1117 τρεῖς
155 1031 301 1107 ὑτοςίισας
325 1031 522 1130 praedicaret,
546 1031 633 1096 velut
654 1032 752 1095 trium
775 1031 1025 1095 substantiarum
1048 1053 1106 1096 seu

60 1117 273 1181 essentiarum
303 1116 480 1181 divinarum
511 1116 673 1202 triumque
703 1116 861 1181 deitatum
891 1128 1040 1196 assertor,
1067 1137 1106 1178 ac

60 1201 260 1267 monarchiae
275 1200 456 1268 destructor
471 1201 581 1266 audire
594 1202 705 1286 coepit,
729 1201 836 1286 quoad
854 1223 888 1264 se
902 1201 944 1265 ab
959 1203 1019 1264 hac
1034 1200 1106 1286 opi·

61 1286 160 1353 niune
174 1300 338 1384 purgaret.
376 1288 483 1351 Immo
497 1287 635 1351 Basilius
650 1287 744 1371 epist.
758 1286 813 1351 xli.
829 1307 903 1349 eum
919 1299 1013 1350 antes
1026 1286 1108 1349 usioe

62 1391 120 1435 seu
142 1383 285 1437 esssmaae
304 1371 516 1436 diversitatem
539 1372 622 1436 inter
644 1371 763 1436 divinas
785 1391 937 1456 personas
959 1373 1107 1457 posuisse
1158 1419 1160 1424 -

61 1454 172 1537 docet.
217 1456 286 1523 Ubi
300 1479 375 1521 vero
392 1458 525 1522 Graecos
540 1456 698 1531 ὑτοςάσεως
721 1457 852 1520 nomine
867 1478 1039 1542 personam
1054 1457 1104 1520 in·

61 1538 210 1627 telligere
230 1541 386 1620 constitit,
409 1541 505 1607 etiam
526 1542 634 1608 Latini
656 1541 841 1606 substantiae
855 1541 1049 1606 vocabulum
1065 1539 1108 1607 ad

62 1626 217 1693 eumdem
245 1627 447 1691 intellectum
475 1627 721 1693 accommodare
747 1649 812 1690 non
840 1627 1039 1706 dubitarunt,
1068 1639 1108 1692 ut
1139 1680 1142 1685 .

61 1709 166 1795 liquet
180 1711 369 1777 nominatim
386 1711 426 1776 de
442 1713 628 1798 Augustino
646 1712 704 1776 lib.
718 1712 769 1775 vii.
787 1711 828 1776 de
842 1713 932 1776 Trin.
948 1734 976 1775 o.
986 1727 1016 1776 5.
1031 1735 1064 1776 n.
1075 1729 1106 1790 9.

64 1793 292 1863 Consanus.
338 1799 382 1862 At
397 1798 518 1862 veriora
532 1798 612 1874 istis,
632 1798 693 1862 etsi
707 1817 800 1860 voces
817 1795 887 1859 ἐσία
901 1810 933 1861 et
952 1797 1032 1879 φύσις
1046 1818 1106 1882 pro
1213 1799 1217 1862 ἶ

63 1880 197 1952 murdse
219 1896 352 1966 persona
376 1880 572 1960 subsistente,
596 1895 633 1946 ut
658 1904 698 1946 ex
724 1880 841 1944 Photio
866 1904 963 1967 supra
988 1882 1107 1961 notavi,

63 1964 127 2029 vol.
140 1964 174 2029 ii.
192 1987 225 2051 p.
236 1979 307 2044 495.
326 1988 347 2030 a
364 1967 524 2032 veteribus
538 1967 685 2032 similiter
703 1966 848 2030 adhiberi
863 1979 1110 2045 consueverunt,
1165 2007 1169 2013 -

62 2048 105 2115 de
120 2049 271 2138 Dionysii
290 2053 426 2118 Romani
445 2052 602 2118 sententia
619 2052 746 2138 scripsit
763 2063 875 2136 postea
894 2051 937 2115 cl.
953 2053 1109 2115 Maranus

63 2134 97 2199 in
113 2135 240 2203 Praefat.
256 2136 288 2201 in
302 2137 444 2201 Tomum
458 2138 604 2203 Tertium
620 2137 679 2222 Op.
698 2137 730 2200 S.
741 2135 861 2200 Basilii·
868 2137 920 2199 M.
939 2143 964 2176 “
975 2137 1108 2200 S.Basi·

63 2226 86 2259 “
101 2219 165 2287 lius
179 2219 213 2284 in
228 2221 311 2285 libro
325 2220 366 2285 de
380 2221 502 2334 Spiritu
519 2223 650 2300 Sancto,
673 2243 743 2305 cap.
759 2236 810 2299 29.
829 2221 908 2286 citat
928 2220 1008 2287 illud
1027 2221 1109 2285 Dio·

63 2310 88 2343 “
102 2304 200 2391 nysii,
221 2310 244 2369 sl
257 2312 297 2391 τῷ
310 2310 382 2392 τρεῖς
395 2331 463 2371 araur
476 2311 528 2381 τὰς
542 2307 698 2384 hordrat,
712 2307 772 2370 dac.
816 2307 895 2370 Tres
909 2327 988 2391 ergo
1004 2306 1110 2391 hypo·

65 2395 89 2427 “
105 2389 363 2478 stasesadmittit
376 2391 554 2479 Dionysius
569 2391 819 2469 Alexandrinus,
835 2391 892 2454 sed
907 2413 962 2454 eos
979 2391 1109 2470 refellit,
1190 2437 1191 2440 ,

64 2474 162 2558 “qui
189 2495 294 2541 exeo
320 2475 408 2560 quod
432 2489 496 2541 tres
521 2477 596 2554 sint,
624 2476 739 2541 divisas
762 2497 832 2539 esse
857 2475 1110 2554 contendebant,

64 2563 90 2597 “
130 2559 200 2623 usai
221 2581 285 2625 non
307 2582 372 2646 una
389 2575 475 2625 esset
494 2561 527 2625 in
543 2563 645 2626 tribus
665 2561 812 2625 essentis.
857 2564 967 2646 Atque
983 2561 1017 2624 id
1034 2562 1110 2659 qui·

66 2649 90 2682 “
149 2666 181 2707 m
197 2657 345 2709 accurate
360 2646 607 2725 observandmn,
630 2659 667 2710 ut
688 2645 918 2730 perspiciamus
932 2668 1031 2731 quam
1046 2667 1111 2709 rm·

64 2729 221 2795 “merito
234 2729 323 2797 Dion
347 2729 430 2797 sium
447 2732 626 2796 Romanum
643 2753 716 2795 cum
732 2729 950 2795 Alexandrino
965 2752 1109 2816 pugnare
1213 2809 1219 2817 .

63 2813 288 2883 “existiment
317 2752 383 2879 duo
412 2815 521 2880 eximii
546 2817 730 2901 scriptores,
759 2815 903 2880 Petavius
930 2815 987 2879 lib.
1003 2817 1043 2880 iv.
1067 2815 1110 2880 de
1211 2878 1214 2884 .

65 2904 92 2942 “
103 2899 273 2984 Trimcsp.
286 2907 314 2963 1'.
328 2913 362 2965 et
374 2901 442 2964 Pet.
459 2901 630 2966 Constant.
646 2900 748 2986 Epist.
764 2901 859 2964 Rom.
876 2900 1008 2986 p.290.''
1028 2900 1110 2985 (soil.

63 2982 108 3049 ad
123 2983 275 3082 Dionysii
288 2983 343 3049 Al.
360 2986 489 3070 Fragm.
503 2986 621 3135 agyam
634 2985 756 3050 monui.
779 2985 889 3049 Addas
906 2987 956 3050 his
972 2987 1110 3073 scriptos

64 3068 158 3133 ribus
183 3068 368 3133 TrlIemont.
400 3071 500 3135 Mem.
557 3071 614 3135 ccl.
641 3070 710 3136 Vit.
738 3069 838 3134 Dion.
865 3071 920 3135 Al.
946 3073 977 3154 ᾗ.
994 3086 1040 3135 15.
1068 3071 1110 3136 ad

64 3154 137 3235 flur)
169 3159 195 3195 “
207 3155 291 3221 Uter
315 3175 354 3218 ue
373 3155 459 3221 enim
474 3179 569 3222 unam
589 3155 778 3243 hypostasin
800 3157 897 3219 asseri
913 3154 1113 3220 contendito

64 3238 195 3305 “Dion
220 3238 268 3303 sio
290 3177 443 3306 itomano
473 3241 507 3307 in
535 3242 599 3306 hoc
628 3240 813 3304 testimonio
842 3240 927 3326 apud
952 3241 1112 3304 Athenas.

66 3328 91 3363 “
107 3327 169 3401 ἑξῆς
221 3321 255 3387 ris
270 3323 378 3399 εἰκότως
391 3324 504 3410 λέγοιμι
520 3328 541 3412 ri,
556 3328 629 3412 πρὸς
644 3329 798 3412 διαιρέττας
812 3326 872 3390 dte.
917 3325 1021 3389 Nulla
1035 3346 1114 3390 sane

64 3413 91 3447 “
106 3408 193 3475 inter
212 3422 387 3496 utrumque
402 3411 600 3496 Dionysium
621 3410 786 3475 sententiae
801 3411 954 3488 varietas3
976 3422 1113 3496 uterque
1164 3436 1170 3441 ·

64 3498 88 3532 “
104 3493 297 3579 hypostases
313 3495 428 3561 divisas
444 3497 621 3581 vituperat:
645 3517 751 3580 neque
767 3519 830 3560 una
846 3496 1029 3582 hypostasis
1044 3498 1112 3560 Bo-

65 3582 92 3618 “
106 3598 206 3648 mano
220 3578 330 3663 affingi
345 3593 465 3664 potest,
480 3601 554 3645 cum
572 3580 658 3645 idem
673 3601 804 3664 prorsus
819 3581 906 3645 dicat
919 3603 956 3644 ac
969 3580 1113 3647 Alexan-.-

65 3666 92 3707 ⁴‘
104 3661 230 3730 drinus
277 3663 340 3729 Sed
363 3665 471 3749 potius
492 3688 533 3730 ex
552 3687 593 3730 eo
609 3664 696 3750 quod
711 3677 776 3730 tres
792 3666 982 3765 hypostases
998 3666 1117 3731 divisas

64 3752 90 3786 “
106 3746 244 3825 refellat,
267 3769 333 3815 non
357 3749 496 3815 obscura
521 3750 687 3814 conclusio
713 3762 763 3814 est
793 3751 870 3815 mhil
901 3772 978 3814 eum
1004 3773 1113 3837 repre-

66 3837 91 3870 “
106 3831 284 3901 hessorum
299 3833 409 3909 fuisse,
431 3835 458 3899 si
477 3857 541 3899 una
562 3834 595 3897 in
615 3835 718 3899 tribus
732 3835 960 3922 hypostasibus
975 3836 1116 3901 essentis

65 3920 92 3955 “
106 3915 222 3985 fuisset
236 3917 406 3985 admissa?
427 3940 460 4003 p.
471 3920 511 3984 vi.
556 3921 639 3984 Haec
654 3931 751 3997 recte,
772 3921 805 3983 ni
819 3921 923 3999 fallor,
946 3921 1115 3986 Marsuas.

65 4000 129 4071 Est
143 4001 233 4087 aliud
246 4014 404 4088 praterea
414 4003 567 4090 Dionysii
579 4002 673 4069 Alex.
689 4026 708 4068 a
721 4004 842 4069 Basilio
855 4007 906 4071 M.
918 4005 1039 4070 ibidem
1055 4004 1116 4069 ad·

66 4085 206 4155 ductum
232 4087 464 4174 fragmentum,
488 4088 577 4176 quod
603 4088 654 4153 his
678 4090 825 4175 pauculis
847 4089 952 4156 verbis
975 4101 1116 4168 constat,

67 4172 212 4251 Θμτςᾶςς
226 4178 285 4260 γὰρ
301 4176 346 4239 διὰ
360 4178 442 4254 riso,
452 4179 584 4258 μιτὰτὴν
595 4175 715 4242 Morsus
728 4177 750 4262 ’it
765 4182 781 4253 ἡ
795 4175 894 4260 Τρίας.
909 4174 990 4244 infra
1000 4196 1033 4260 p.
1044 4188 1115 4249 201.
1183 4252 1185 4258 ς
1250 4248 1253 4252 .
