2678 4756
182 271 236 345 IN
257 272 506 345 ANCYRANI
529 273 739 344 CONCILII
763 274 988 346 CANONES.
1039 294 1106 365 435

67 463 198 535 quoque
211 470 339 529 munus,
354 448 559 538 quod-majus
573 460 634 528 est,
646 449 678 514 in
691 449 950 537 presbyterorum
965 449 1101 517 civitatis

66 535 303 599 ordinationem
316 536 538 615 involaverant,
552 536 689 600 limitum
706 558 840 600 suorum·
850 532 954 601 obliti.
981 538 1101 623 Neque

66 620 161 685 aliter
175 621 272 684 etiam
289 623 463 708 antiquitus
476 623 660 708 exposuisse
681 623 830 686 Zonaras·
841 621 1100 687 videtur-aua

64 707 134 786 μηδὲ
148 705 351 791 πρισώοτίρονς
366 712 392 770 ἓν
406 706 690 794 σώλοσικαθιςᾷνβ
706 711 764 794 γὰρ
780 711 806 771 ἐν
818 713 880 781 ταῖς
892 707 1000 793 χώραις
1015 711 1041 770 ἓν
1055 706 1099 782 αἶς

65 792 258 855 ἔσισκὸποοσιν
272 796 301 855 οὐ
314 793 438 872 ὃώναντας
452 796 615 881 χειροτονεῖν
634 791 684 867 τοὶς
705 791 865 879 εἰρημένους,
879 796 1100 856 ΜΑΛΛΟΝ.ὅν

64 876 172 941 πόλισι
191 884 272 940 τοῦτο
294 883 385 941 ποιεῖν
404 883 433 942 οὐ
457 880 590 959 δύναντα.
635 877 823 942 Particulam
839 879 960 941 interea
972 882 1025 961 μὴν
1040 897 1097 941 na-

64 961 232 1112 J'ationem
249 976 429 1050 augentem
458 977 640 1051 agnoscunt
664 963 772 1048 scripti
795 955 960 1027 Bodleiani
986 980 1099 1043 omnes,

85 1069 273 1135 oannesque
294 1049 599 1128 Antiochenusvetai
618 1049 703 1113 edita
723 1046 974 1134 conciliansque
996 1051 1098 1128 Gana-

63 1152 119 1197 aas
134 1133 300 1198 omittunt,
345 1136 441 1199 Porro
454 1132 593 1221 exelnpli
611 1135 725 1223 gratia,
740 1134 883 1198 similiter
897 1130 1008 1200 scribit
1020 1135 1100 1219 Epi·

63 1217 203 1303 phanius
222 1219 256 1283 in
278 1217 403 1285 Haeres.
418 1221 620 1298 lxxixunum.
634 1236 663 1284 5.
683 1224 767 1294 Ποῑος
786 1228 934 1304 οιρορητῶν
951 1220 1099 1307 ἐπέτριψεν

47 1357 50 1360 .
63 1301 208 1404 ἄνθρωπον
220 1311 439 1390 προσκννεῖθαρ,
454 1311 483 1368 οὗ
496 1308 553 1389 μὴν
563 1310 684 1390 γυναῖκα
696 1305 786 1390 λέγειν
798 1330 808 1384 ;
824 1328 856 1390 p.
873 1311 959 1369 1162.
972 1306 1024 1370 ed.
1040 1307 1099 1371 Pe·

63 1382 152 1468 tavri,
165 1384 221 1454 ubi
234 1412 255 1453 a
268 1388 392 1455 minore
406 1391 447 1455 ad
461 1393 568 1480 majas
586 1391 780 1476 proceditur.
825 1393 875 1454 Ita
889 1404 922 1454 et
936 1393 970 1454 in
984 1391 1099 1456 illustri

62 1473 139 1539 loco
154 1475 440 1541 Hira-Ecclesiam.
456 1482 527 1559 suas
538 1477 697 1554 Socrates,
712 1476 768 1540 lib.
781 1476 814 1540 ii.
830 1497 901 1561 cap.
916 1491 945 1540 6.
965 1480 991 1538 ἐν
1010 1475 1098 1564 vairp

59 1558 92 1623 ii
111 1565 147 1648 τῇ
165 1561 265 1646 συνόδῳ
283 1561 505 1645 (Antiochens'
528 1561 561 1625 ln
583 1561 902 1643 Encaenii'slouvildov
919 1566 950 1624 ix
967 1563 1100 1649 διαφόρων

61 1643 179 1710 σώλιιον
195 1644 346 1710 ἐπίσκοποι
358 1649 459 1726 ἔνενήκο
493 1674 524 1710 α.
551 1647 684 1730 Μάξιμος
698 1646 792 1729 μέντοι
807 1653 887 1710 ὁτῶν
900 1647 1100 1734 Ἱεροσολύμων

62 1730 221 1809 hirmos,
234 1729 262 1807 ὃς
276 1734 461 1820 Μακάριονδι
493 1732 584 1811 ἰξατο,
600 1732 814 1817 οὐισαριγένοτο
834 1738 860 1796 ἐν
878 1737 957 1818 αὐτῇ,
973 1737 1109 1818 ἐπιλογι·’

61 1817 182 1900 σώμινος
195 1821 231 1892 ὥς
244 1816 282 1895 εἴη
296 1842 446 1903 σιιναρνιαγ
469 1845 492 1894 ς,
507 1820 554 1880 καὶ
568 1823 602 1902 τῇ
617 1818 775 1905 καθαιρέσει
789 1818 956 1905 ὑπογράψας
968 1818 1099 1882 'Adara-

60 1901 135 1967 σίου·
157 1906 279 1968 ἈΛΛΑ
298 1908 396 1968 MHN
414 1907 528 1968 OTAE
542 1902 644 1977 Ἰελίος
658 1909 765 1988 οταρῆν,
780 1909 793 1965 ὁ
806 1910 853 1979 τῆς
866 1903 982 1988 μεγῖςης
994 1904 1100 1986 Ῥώμης

62 1986 221 2067 ἐπίσκοπος,
237 1992 349 2053 (ῪΪἎΕ
363 1988 463 2053 ΜΗΝ
476 1992 512 2061 εἰς
525 1985 570 2051 rdv
582 1988 662 2051 τώιον
676 1992 759 2051 αὐτοῦ
773 1989 924 2062 ἀπεςάλκει
938 1991 1009 2052 τινά·
1033 1985 1100 2052 καί·

61 2098 107 2161 τοο
126 2075 234 2148 κώνονος
253 2074 458 2152 ὶκκλησιαςικὲ
466 2073 639 2153 κελεύοντος,
652 2078 691 2156 μὴ
704 2075 756 2135 δεῖν
769 2078 854 2158 παρὰ
867 2077 915 2150 τὴν
927 2075 1037 2160 γνώμην
1049 2080 1099 2140 τοῦ

61 2159 211 2224 leminea
230 2158 337 2242 Ῥώμης
356 2163 409 2234 τοὶς
429 2158 580 2237 ἐκκλησίας
601 2159 754 2241 καιονίξαν.
789 2159 909 2223 Confer
922 2173 955 2224 et
967 2161 1098 2225 Aristo·

60 2243 138 2309 telis
156 2243 237 2311 Eat.
255 2245 380 2308 Nisam.
395 2256 427 2309 3.
442 2257 474 2307 2.
492 2264 570 2331 pag.
596 2259 668 2309 101..
684 2245 737 2309 ed.
756 2245 956 2312 Wilkinson.
1001 2247 1099 2310 Porro

60 2342 150 2395 nano
167 2330 300 2395 demum
321 2328 416 2394 video
430 2329 673 2410 Thorndicium,
688 2352 785 2417 quem
804 2333 1099 2416 supramemoravi,

59 2415 97 2480 iu
117 2416 206 2481 libro
228 2437 299 2496 suo,
319 2416 371 2480 De
392 2413 525 2480 Ratione
543 2438 581 2480 ae
602 2417 680 2481 Jure
702 2415 846 2479 Ρὶνώονιιίὶ
871 2417 1099 2482 controversias

59 2500 301 2587 Ecclesia-cap.
311 2522 364 2566 xx,
378 2521 411 2587 p.
422 2506 492 2565 360.
507 2512 545 2566 ut
558 2500 634 2566 huie
649 2501 764 2567 canoni
780 2500 960 2569 addendum
980 2523 1050 2567 esse
1069 2500 1097 2566 τι

59 2586 190 2673 experiar
208 2585 368 2665 ostendat,
386 2585 448 2650 etsi
466 2586 583 2653 frustra
601 2586 647 2666 id,
668 2587 794 2673 opinor,
809 2599 944 2652 conatus
959 2601 1020 2666 est,
1033 2587 1098 2652 hoc

59 2671 245 2760 scripsisse3
268 2678 291 2712 “
301 2671 478 2737 Manifesta
498 2672 686 2752 absurdum,
706 2672 811 2760 majus
831 2694 912 2753 esse,
932 2674 1099 2760 presbyte·

45 2764 83 2838 ,⁴⁶
98 2778 153 2822 ros
167 2757 308 2837 urbicos,
319 2778 416 2844 quam
431 2756 691 2859 chorepiscopos,
704 2759 890 2823 ordinandis
904 2759 1098 2848 presbyteris

59 2848 83 2893 ⁴⁸
98 2841 309 2930 dimouimue
317 2842 481 2929 prohiberi
485 2868 495 2923 3
511 2844 603 2932 quod
616 2844 672 2908 rlla
684 2844 823 2908 innuunt
836 2847 916 2907 ἀλλὰ
928 2848 982 2926 μην
995 2843 1097 2926 padi?

60 2928 118 2994 Sic
132 2927 199 3008 ille,
214 2929 306 3017 quasi
320 2948 391 2994 vere
404 2928 558 3015 scriptum
574 2941 659 2994 esset
672 2927 872 3016 σςεοόοτέροις
888 2929 1010 3003 πόλεως.
1061 2935 1063 2938 ’

20 3090 25 3103 ¹
63 3070 65 3078 .
104 3014 403 3080 verumenimvero
422 3034 535 3079 omnes
554 3014 620 3078 fere
639 3013 869 3100 episcopalium
889 3015 1003 3100 jurum
1024 3014 1096 3079 lau·

58 3110 162 3178 tores,
174 3099 252 3165 dum
266 3098 447 3166 difficultati
460 3097 519 3179 illi,
533 3110 598 3164 tam
614 3120 679 3163 ase
694 3099 771 3184 ipsis
784 3120 880 3185 quam
896 3099 937 3162 ab
950 3099 1097 3164 adversa-

59 3183 118 3249 riis
142 3184 208 3251 auis
226 3197 362 3272 propter
377 3185 580 3249 'mentionem
605 3187 724 3250 factam
748 3184 1011 3272 presbyterorum
1040 3208 1097 3254 ur·

60 3266 211 3335 bicorum
236 3269 354 3350 allatae,
379 3268 529 3335 obvenire
553 3291 591 3335 ac
616 3269 799 3339 satisfacere
828 3280 996 3349 conantur,
1021 3283 1095 3334 tan-

59 3374 159 3442 quam
179 3356 284 3420 coacti
301 3356 488 3420 necessitate
506 3354 623 3442 aliqua,
637 3358 756 3444 quippe
770 3376 845 3420 cum
858 3355 960 3456 probe
978 3356 1096 3421 scirent

59 3440 295 3506 ordinationem
316 3441 456 3506 virorum
474 3461 638 3506 sacrorum
658 3465 677 3505 a
698 3441 890 3528 presbyteris
911 3440 944 3503 iu
964 3441 1095 3527 antiqua

59 3525 381 3614 ecclesia-nunquam
403 3526 469 3591 fieri
486 3526 626 3607 solitam,
645 3526 686 3591 ad
707 3526 925 3591 additamenta
969 3526 1096 3591 uaedam

59 3611 291 3677 nonnullorum
316 3625 459 3677 veterum
484 3612 693 3698 interpretum
717 3613 893 3697 confugere
915 3548 1094 3678 voiuarunt.

62 3693 140 3761 Post
153 3696 210 3775 illa
223 3697 386 3776 nimirum,
399 3694 624 3782 Chorepiscopis
639 3720 700 3761 aon
714 3696 805 3761 licere
816 3699 876 3760 &c
890 3718 925 3760 se
938 3696 984 3760 ita
997 3697 1096 3763 habet

59 3781 179 3847 isidori
196 3781 310 3862 Verrio,
327 3794 366 3847 ut
384 3803 481 3868 supra
495 3783 621 3846 monuit
634 3783 841 3869 Beveregius3
863 3779 916 3845 sed
933 3802 988 3845 aee
996 3798 1095 3930 pres·

60 3866 178 3954 lpteris
191 3866 328 3933 civitatis
345 3867 411 3932 sine
429 3867 560 3952 episcopi
576 3878 731 3953 pvaecepto
748 3867 882 3953 amplius
897 3867 1010 3954 aliqui
1027 3868 1094 3932 im·

58 3973 185 4039 perere,
207 3951 258 4016 vel
277 3953 346 4018 sine
365 3952 561 4018 authoritate
580 3953 742 4019 literarum
765 3954 838 4040 ejus
854 3949 890 4015 ι’νι
909 3972 971 4016 aaa
994 3973 1096 4040 eaque

55 4035 208 4123 pareatis
220 4038 341 4125 aliquid
355 4056 462 4125 agere.
504 4037 675 4105 Variantur
689 4039 784 4105 verbe
797 4038 830 4103 in
845 4036 919 4102 aliis
932 3974 1095 4103 collectio-

58 4123 152 4187 nilla
167 4122 326 4187 Οακοιινιιοι
340 4122 475 4188 Latinis.
943 4189 946 4194 ,

62 4246 65 4253 -
107 4205 174 4291 Ubi
188 4208 293 4294 primo
306 4206 387 4273 illud
401 4203 600 4273 monendum
616 4219 678 4288 est,
692 4205 789 4294 hujus
808 4205 1017 4275 additamenti
1036 4230 1095 4274 nec

58 4293 167 4361 votam
177 4314 237 4359 nec
249 4294 418 4380 vestigium
430 4295 463 4360 iu
471 4293 542 4361 ullo
552 4295 670 4360 Graeco
680 4294 902 4362 canonumvel
913 4294 1097 4383 exemplari,

538 4379 617 4444 rf2
