2678 4756
105 2361 111 2375 ·
219 2332 448 2397 tantummodo
470 2333 589 2395 circum

233 276 276 368 aa
570 240 930 364 monstrosas
976 340 1021 383 -R

230 476 360 551 nostro.
379 464 595 532 Retinendum
615 467 795 552 coepiscopis
810 468 934 546 nostris,
949 467 1005 555 qui
1020 467 1088 532 scil.
1103 471 1269 550 mosonti-

229 552 291 617 bus
316 562 372 616 aut
397 551 540 616 conciliis
565 573 604 616 ea
628 553 669 616 de
694 574 791 617 causa
813 550 1268 639 congregatisuiuterfuerantss

229 637 361 724 Quippe
382 637 475 701 initio
497 636 700 723 pontificatus
723 637 876 720 Cornelii,
894 651 976 703 teste
996 638 1137 703 Eusebio
1153 639 1212 704 lib.
1224 641 1266 706 vi.

229 743 302 807 cap.
316 735 366 786 43.
382 722 546 807 sexaginta
560 723 715 807 episcopi,
730 735 763 786 et
782 723 963 810 presbyteri
980 743 1017 786 ac
1036 722 1165 789 diaconi
1179 724 1266 790 mni·

228 817 266 871 to
287 807 405 892 plures,
423 826 499 871 cum
518 807 551 870 in
572 829 672 881 unum
694 808 925 887 convenissent,
940 808 1156 873 Novatianum
1172 810 1266 896 eique

228 890 427 956 adhaerentes
457 891 721 956 condemnarunt.
776 892 897 955 Saltem
925 913 1000 956 vero
1030 892 1084 957 hic
1112 907 1266 959 notantur

228 977 400 1061 Pompeius
418 997 456 1039 ac
477 977 660 1062 Stephanus
673 976 748 1040 Afri
768 976 923 1062 episcopi,
937 977 993 1063 qui
1013 975 1156 1042 Cornelii
1179 979 1265 1044 ordi-

225 1061 349 1126 nationi
372 1061 590 1125 interfuerant.
636 1060 780 1126 Cornelii
803 1062 904 1126 literas
927 1061 983 1126 hic
1002 1077 1286 1130 commemorata.

227 1167 293 1210 non
307 1158 427 1210 extant.
454 1145 676 1210 Cous'rartr.

269 1233 304 1296 P.
317 1237 347 1295 6.
363 1230 385 1294 l.
398 1246 448 1295 21.
471 1231 666 1316 exipsorum
683 1232 750 1316 ore]
765 1229 866 1295 Corb.
881 1253 921 1294 ea
934 1230 1031 1316 ipsius
1044 1253 1113 1312 orc3
1127 1243 1162 1297 et
1177 1254 1263 1314 mox,

224 1316 457 1394 mandaveram,
472 1338 531 1401 pro
544 1315 780 1380 mandaverant.
804 1314 1037 1381 Cousraua:

269 1401 352 1464 Ibid.
368 1400 391 1463 l.
406 1414 455 1464 23.
478 1400 696 1486 exigerentur]
715 1402 935 1486 ingererentur
950 1401 1030 1465 Bod.
1048 1402 1260 1467 1.-Fa1.uur.

225 1484 339 1548 Codex
354 1485 681 1569 Gratianopolitanus,
697 1485 972 1571 interrogarentur.
1003 1489 1087 1573 Quas
1101 1486 1200 1551 lectio
1214 1487 1260 1551 v-i·

222 1569 319 1718 gem
333 1590 402 1632 esse
416 1568 541 1634 mehor.
564 1568 629 1634 Sed
642 1569 697 1634 alii
711 1569 839 1634 codices
853 1580 887 1633 et
897 1569 1053 1635 editiones
1066 1584 1259 1657 repugnant.

254 1674 434 1719 stuzrus.
1247 1692 1249 1697 .

268 1739 353 1804 Ibid.
368 1740 390 1802 l.
403 1753 453 1804 28.
474 1739 702 1805 tantummodo
715 1740 955 1806 circumductos
970 1738 1169 1804 commisisse
1179 1740 1258 1825 Sta]

222 1823 462 1889 Tantummodo
487 1826 711 1912 subscripsisse
736 1825 911 1890 calliditate
935 1824 1005 1912 ejus
1033 1824 1259 1904 circumducti,

223 1919 310 1991 totos
329 1931 363 1973 se
383 1906 582 1974 commisisse
597 1933 726 1997 quoquc
743 1911 953 1974 schismaticis
967 1909 1047 1973 Bod.
1066 1924 1093 1973 1.
1113 1910 1186 1973 Vnt.
1201 1931 1260 1974 ne·

146 2020 149 2027 ’
247 2015 287 2058 uc
309 1995 341 2058 in
363 1995 432 2058 istis
451 1995 569 2060 inesset
588 2008 738 2060 utrumne
755 1997 863 2074 scisse,
879 1994 1107 2058 tantummodo
1121 1995 1259 2058 circum·

222 2015 338 2143 ductos
352 2102 396 2159 se,
412 2074 449 2144 ut
468 2093 650 2166 paterentur
672 2080 702 2144 ei
722 2103 852 2144 manum
872 2079 964 2226 puasi
984 2080 1017 2143 in
1036 2080 1257 2164 episcopatum

221 2163 355 2249 imponi,
370 2165 514 2251 quicum
530 2179 563 2229 et
577 2165 691 2229 ceteris
705 2164 863 2228 haereticis
892 2165 1022 2240 uissent,
1037 2176 1070 2227 ot
1085 2185 1125 2227 ne
1138 2184 1256 2248 expro·

219 2248 397 2312 brarentur.
437 2250 503 2312 Ver.
519 2271 578 2312 nec
619 2247 724 2311 uidem
744 2249 777 2311 in
794 2250 863 2311 istis
880 2248 980 2311 literis
1001 2247 1119 2313 inesset
1138 2248 1256 2328 scisse,

592 2272 706 2396 ductos
729 2331 926 2395 commisisse
948 2353 981 2395 se
1004 2353 1133 2418 quoque
1152 2332 1258 2397 schis-

220 2418 311 2494 mati,
325 2432 359 2479 et
372 2416 502 2480 haeresis
517 2431 662 2480 auctores
677 2417 792 2495 fuisse3
814 2430 851 2480 ut
865 2429 1050 2501 paterentur
1071 2417 1101 2479 ei
1123 2438 1256 2481 manum

219 2502 311 2586 quasi
331 2501 362 2563 in
383 2501 604 2585 episcopatum
620 2500 762 2585 imponi:
788 2501 934 2587 quicum
950 2501 1020 2564 baec
1035 2515 1068 2564 et
1082 2514 1189 2565 cetera
1202 2501 1256 2565 fu-

218 2586 318 2651 issent
332 2585 532 2684 exprobrata,
547 2599 583 2649 ut
597 2585 802 2648 abolerentur
822 2598 855 2648 et
873 2585 913 2648 de
931 2585 1040 2648 medio
1055 2584 1256 2665 tollerentur,

192 2741 195 2745 ‚
219 2670 381 2816 deprecati
397 2683 482 2732 sunt.
501 2671 615 2733 Benev.
636 2672 797 2748 Fatuus,
814 2669 916 2768 quiin
931 2669 1106 2753 episcopum
1118 2668 1228 2734 habet.

282 2754 348 2817 bid.
363 2754 385 2816 l.
398 2768 447 2831 29.
471 2753 601 2818 haeresis
623 2767 769 2818 auctores
789 2755 901 2836 fursse]
920 2755 985 2816 Hic
1007 2774 1137 2839 quoque
1158 2754 1256 2820 relin-

218 2838 383 2924 quendum
398 2858 467 2900 esse
481 2839 590 2902 censui
607 2838 789 2916 Baluzium,
805 2839 860 2923 qui
877 2837 1030 2902 hcereticis
1045 2837 1256 2921 produceretis,

218 2923 342 2987 ratione
355 2922 442 2985 nulla
454 2922 539 3000 data,
551 2924 583 2986 in
596 2936 687 2985 textu
700 2922 830 3007 quidem
844 2945 904 2985 suo
916 2934 1132 3018 repraesentat.
1157 2923 1255 2986 Certe

218 3007 387 3071 lectionem
411 3006 544 3069 alteram
567 3020 719 3090 praestant
741 3007 809 3070 edd.
828 3008 958 3070 Erasmt
979 3007 1108 3070 Manut.
1130 3004 1254 3093 Rigalt.

220 3091 319 3155 Onon.
349 3091 619 3174 Constantiusque.
655 3097 677 3129 “
694 3092 835 3154 Haeresis
860 3113 929 3154 sese
955 3089 1029 3176 jure
1055 3089 1254 3156 damnandos

216 3183 239 3219 “
255 3198 325 3240 esse
346 3175 406 3239 hos
427 3174 499 3237 vide
521 3175 722 3251 confitentes,
744 3176 800 3252 (ait
823 3175 953 3258 quidem
973 3174 1134 3258 Angiicus
1154 3174 1254 3239 inter-

217 3267 240 3303 “
255 3263 352 3346 pres,)
373 3259 477 3323 solum
501 3272 670 3344 propterea
689 3259 777 3343 quod
795 3259 871 3322 sede
888 3259 982 3345 plena
996 3280 1112 3321 novum
1127 3259 1254 3343 episco-

216 3353 239 3387 “
253 3367 330 3430 pum
347 3343 598 3420 constituissent,
614 3343 701 3406 haud
719 3342 805 3407 nacti
824 3364 952 3406 causam
975 3364 1014 3405 ex
1035 3343 1253 3427 deprivatione

216 3436 239 3485 .“
254 3428 417 3491 alterius.''
455 3428 519 3490 Sed
537 3439 624 3491 recte
645 3427 783 3507 dubites,
799 3448 904 3491 annon
926 3427 979 3489 hic
998 3449 1126 3512 quoque
1141 3428 1253 3513 opinio

215 3512 389 3578 Novatiani
408 3511 448 3573 de
471 3511 658 3594 poenitentia
675 3533 754 3575 voce
774 3510 899 3574 haeresis
918 3510 1088 3586 indicetur,
1104 3511 1187 3575 sicut
1205 3514 1253 3576 in·

214 3599 273 3675 fra,
286 3597 342 3659 ubi
357 3595 495 3659 eundem
512 3597 546 3658 N
548 3595 726 3659 ovatianum
744 3596 943 3658 confessores
957 3595 1010 3658 isti
1024 3595 1253 3660 scitismaticacm

214 3693 247 3746 et
261 3679 440 3745 decreticum
456 3678 607 3742 hominem
620 3700 662 3764 ap
703 3681 793 3758 flant,
808 3692 876 3742 tum
893 3701 966 3742 vero
981 3680 1115 3743 fortasse
1135 3681 1167 3743 in
1187 3681 1253 3746 isto

214 3765 256 3831 de
271 3765 383 3828 iisdem
397 3763 633 3828 confessoribus
678 3764 802 3860 y-priani
816 3763 890 3827 loco
897 3787 907 3842 3
927 3766 1132 3849 Posteaquam
1146 3786 1201 3829 vos
1215 3766 1253 3829 de

215 3871 334 3913 carcere
349 3849 533 3933 prodeuntes
552 3846 764 3912 schismaticus
784 3859 814 3911 et
835 3846 997 3911 haereticus
1016 3871 1101 3911 error
1119 3850 1251 3935 excepit.

213 3936 276 4019 Ep.
290 3949 340 3996 51.
356 3933 397 3996 al.
409 3945 458 3996 st.
495 3930 617 3996 Confer
637 3933 808 3997 Coustant.
829 3931 927 4016 paulo
945 3933 1025 3996 inira
1043 3932 1084 3996 ad
1106 3954 1184 4018 pag.
1200 3949 1250 3998 28.

213 4030 247 4084 et
261 4018 301 4081 ad
316 4017 386 4081 init.
403 4017 506 4102 Epist.
523 4016 664 4080 Cornelii
678 4015 718 4080 ad
735 4019 882 4080 Fabium.

259 4102 341 4166 Ibid.
364 4101 385 4165 l.
401 4116 451 4165 33.
477 4101 623 4165 contrahi
644 4101 739 4185 presb
764 4101 896 4182 terium]
916 4102 997 4164 Tam
1021 4101 1128 4164 Fellus
1151 4123 1248 4186 quarn

212 4187 375 4268 Baluaius,
390 4187 435 4252 ait
450 4185 537 4251 hunc
551 4186 650 4251 fuisse
663 4123 926 4274 presbyterorum,
942 4184 1088 4251 ecclesiae
1107 4185 1248 4251 Cartha·
