2678 4756
221 305 291 381 ,n
496 288 772 382 scarpum
798 286 1037 359 slew
1088 290 1092 295 ·

224 459 375 530 monium
392 472 430 529 et
447 462 657 531 anctoritate·
674 461 850 532 commode
863 461 1017 551 explicet,
1029 481 1076 528 ne
1089 482 1159 529 suo
1171 464 1276 532 mni

225 576 354 641 tantum
369 571 516 640 vidcanrr
528 574 634 640 inniti.

226 742 230 747 .
271 681 1278 774 VI11.9uiverooorpmt²fincipiscorarelnbent,sintin

225 795 379 865 omnibus
402 817 500 884 quam
520 793 763 883 promptissimi,
783 793 879 860 hilari
898 814 1042 882 semper,
1062 809 1105 862 ut
1126 795 1279 877 diximus,

227 903 330 984 vultu,
346 904 442 969 faceti
463 925 708 990 nonnunquam,
725 901 783 968 sed
805 924 935 969 summa
950 924 1087 991 semper
1106 924 1190 970 eum
1210 927 1302 980 nro-s

224 1013 333 1082 destia
342 1038 354 1095 3
368 1035 468 1103 quam
488 1013 632 1079 in'vobin
651 1013 804 1079 omnibus
822 1035 891 1102 prre
908 1014 1026 1079 ceteris
1042 1016 1149 1082 rebus
1160 1015 1280 1098 landet,

226 1127 383 1216 illamque
403 1147 445 1193 ex
467 1126 538 1213 ipsa
561 1125 717 1211 religione
743 1124 868 1190 Christi
893 1127 1064 1213 provenire
1086 1143 1280 1216 eognoscat.

227 1240 307 1308 Sitis
327 1254 361 1305 et
380 1261 437 1304 vos
455 1260 569 1304 omnee
588 1236 685 1302 etiam
700 1257 836 1324 corpore
850 1251 884 1302 et
897 1237 1102 1303 indumentis
1119 1240 1238 1304 mundi
1250 1253 1282 1306 et

227 1351 335 1431 nitidi,
349 1349 566 1415 nulla'tamen
584 1346 804 1434 superfluitate
823 1359 882 1411 aut
901 1346 1117 1414 affectatione
1138 1349 1281 1430 notandi,

227 1467 270 1527 n'e
284 1457 468 1523 Christiana
485 1454 646 1522 modestia
659 1453 858 1540 deturpetur.
902 1452 1026 1518 Omnia
1040 1455 1112 1520 suis
1128 1455 1319 1543 tempori-ro

227 1566 291 1635 hus
305 1567 371 1632 sint
383 1579 505 1653 parata,
519 1579 553 1629 et
573 1586 633 1628 suo
655 1561 767 1627 ordine
785 1583 886 1650 quarn
901 1561 1030 1648 optime
1045 1562 1193 1650 digesta.
1235 1565 1281 1632 Sit

227 1677 312 1745 ordo
334 1678 490 1742 intervos
510 1687 544 1740 et
565 1671 742 1760 diligentia,
757 1693 798 1735 ne
810 1671 961 1737 conhuio
984 1671 1020 1736 in
1040 1695 1149 1761 opere
1163 1688 1280 1742 autre·

227 1810 303 1859 rum
317 1785 447 1852 amissio
460 1785 571 1873 aliquo
583 1794 679 1871 pacto
693 1780 871 1869 proveniat.
913 1781 1152 1866 Disponantur
1168 1806 1280 1850 ornena

229 1907 347 1981 torque
361 1905 543 1979 opportuna
557 1891 631 1955 loca
643 1911 703 1976 pro
718 1901 816 1975 captu
828 1901 863 1952 et
875 1887 1036 1975 dignitate
1048 1888 1220 1957 locorum.

273 2004 347 2070 Sint
364 2005 495 2090 insuper
514 2012 548 2067 et
565 1999 648 2066 servi
663 1998 759 2064 vestri
778 1997 1009 2078 honestissimi,
1024 1999 1092 2066 sint
1106 2001 1317 2090 compositirs

228 2129 263 2181 et
285 2112 436 2192 modesti,
449 2127 484 2178 et
503 2110 594 2176 vobis
613 2130 711 2198 quam
725 2106 1030 2189 convenientissimi,
1043 2132 1134 2198 quoe
1154 2113 1191 2179 in
1211 2134 1280 2181 rere

227 2225 379 2292 doctrina
393 2224 483 2289 omui
499 2245 577 2288 oum
594 2221 749 2310 patientia
763 2234 797 2286 et
814 2220 972 2287 charitate
986 2221 1118 2290 Christi
1134 2226 1280 2293 insuuite

230 2351 265 2404 et
279 2337 393 2403 docete
405 2360 415 2415 3
438 2333 527 2424 quod
544 2333 573 2399 si
592 2331 820 2398 instructiones
834 2343 955 2396 vestras
969 2333 1148 2422 negligant
1161 2351 1196 2404 et
1210 2359 1280 2426 μμ

229 2443 412 2532 vipendant,
437 2464 457 2506 a
485 2441 574 2506 vobis
600 2439 742 2526 abjicite,
768 2461 809 2503 ue
834 2438 965 2504 illorum
994 2444 1148 2530 nequitia
1173 2446 1279 2535 aliquo

229 2566 327 2642 pacto
349 2554 381 2617 in
399 2575 454 2618 vos
475 2550 642 2618 redundet.
685 2551 774 2614 Nam
790 2549 973 2616 diffamatos
988 2551 1148 2621 dominos
1162 2578 1203 2621 ex
1217 2579 1317 2631 ser-no

229 2685 343 2730 vorum
371 2662 573 2749 malignitate
597 2660 791 2748 quandoque
815 2659 954 2725 vidimus
978 2677 1012 2728 et
1037 2685 1130 2752 saepe
1159 2665 1279 2733 audivi.

231 2797 316 2841 mus.
824 2836 826 2841 .

276 2887 310 2951 Si
326 2888 367 2952 ad
381 2889 567 2973 Augustam
583 2883 754 2950 accesserit
770 2883 931 2971 Princeps,
947 2885 997 2950 vel
1019 2885 1093 2973 ipsa
1116 2890 1158 2955 ad
1179 2891 1280 2972 illum,

231 2997 301 3064 aitis
317 3011 394 3063 tunc
409 3021 465 3063 vos
480 3019 609 3085 quoque
623 3011 656 3061 et
671 2997 773 3061 oculis
794 3011 827 3061 et
845 3011 942 3084 gestu
957 3012 991 3065 et
1005 3001 1113 3066 verbis
1130 3006 1281 3072 omnibus

229 3136 330 3202 quam
353 3111 627 3200 compositissimi.
671 3109 788 3178 Videat
808 3112 864 3176 illa
886 3126 1022 3178 vestram
1045 3118 1318 3186 continentiamat

231 3237 266 3290 et
281 3224 486 3289 modestiam.
523 3223 666 3290 Videant
686 3222 770 3286 illius
790 3222 926 3287 comites
939 3238 974 3289 et
986 3224 1194 3315 pedissequae
1204 3253 1215 3308 3
1239 3230 1281 3294 vi-

224 3333 331 3400 deant
351 3347 385 3399 et
404 3332 612 3412 admirentur,
627 3345 724 3419 atque
743 3330 817 3396 inde
834 3334 948 3397 Jesum
964 3333 1140 3402 Christum
1162 3338 1281 3405 Domi·

231 3467 312 3511 num
334 3459 481 3511 nostrum
496 3444 530 3509 in
545 3444 635 3509 vobis
656 3443 733 3531 ipsis
753 3443 950 3509 collaudent.
994 3445 1167 3533 eLoquela
1179 3462 1282 3516 vestra

232 3574 360 3639 semper
384 3554 426 3619 sit
450 3574 548 3640 parca
572 3565 607 3617 et
628 3552 785 3632 modesta,
807 3566 905 3640 atque
926 3553 1082 3640 religione
1105 3557 1197 3625 velut
1219 3558 1282 3625 sole

233 3660 367 3727 condita.
411 3660 515 3727 Nulla
536 3683 666 3749 prorsus
688 3663 841 3728 intervos
862 3663 905 3728 sit
926 3663 1055 3744 invidia,
1070 3678 1130 3729 aut
1146 3679 1319 3742 conten-ao

233 3770 294 3851 tio,
310 3792 383 3857 quae
406 3756 439 3835 in
459 3793 590 3836 omnem
610 3771 832 3835 confusionem
849 3783 883 3837 et
902 3771 1090 3838 divisionem
1106 3798 1164 3842 vos
1179 3776 1281 3845 dedu·

230 3896 330 3964 cerer,
345 3897 379 3949 et
394 3884 440 3950 sic
458 3906 589 3972 quoque
610 3883 644 3948 in
663 3882 775 3948 odium
796 3883 919 3950 Christi
942 3899 976 3951 et
999 3885 1169 3975 Principis,
1185 3901 1283 3978 atque

653 4130 667 4169 ἔ
684 4127 777 4178 Colccs·
788 4129 820 4177 ir.
831 4134 855 4176 6.
