2678 4756
186 282 190 289 ·
224 317 270 387 ,90
454 321 459 327 -
493 292 771 384 usurpem
798 293 1002 369 sscss..

224 487 258 555 se
271 462 431 544 dsuetum,
447 487 486 530 ns
499 465 684 532 moriuntur.
714 463 817 554 Quod
830 476 939 532 autem
954 463 1061 554 mnjtrs
1074 474 1274 554 potestesse

223 564 382 641 delictum
393 588 452 639 aut
463 596 537 662 quae
549 575 678 643 macule
691 574 868 642 deformior
879 597 977 663 quam
990 573 1142 647 adversus
1154 573 1273 651 Chris·-

224 697 295 751 tum
312 684 558 771 stetisse,qusm
572 685 740 751 ecclesiam
755 683 838 774 ejus,
854 707 954 772 quam
967 683 1023 751 ille
1037 684 1273 773 sanguineum

224 793 347 880 parauit
367 807 401 858 et
422 792 577 873 condidit,
590 793 771 880 dissipasse,
789 816 887 881 quem
909 792 1211 880 evaugelictepacis
1230 813 1272 861 sc

224 902 406 969 dilectionis
429 903 567 969 oblitum
591 915 705 968 contra
721 903 907 969 unanimem
930 914 965 968 et
985 901 1182 969 concordem
1203 900 1298 973 Deis

224 1010 524 1110 populumqhostilis
540 1011 708 1078 discordiae
724 1013 834 1078 furore
848 1012 1028 1100 pugnasse?
1051 1010 1121 1099 Qui
1132 1010 1194 1077 etsi
1206 1011 1272 1100 ipsi

223 1120 437 1210 postmodum
449 1120 491 1196 ad
507 1120 679 1189 ecelesiam
694 1121 843 1201 redeunt,
856 1120 1025 1185 restituere
1039 1133 1149 1185 tamen
1164 1141 1223 1185 eos
1238 1133 1273 1185 et

223 1252 336 1297 secum
359 1251 509 1306 revocare
534 1252 600 1296 uon
621 1243 758 1318 possunt
780 1229 837 1318 qui
858 1230 900 1295 ab
921 1229 968 1296 eis
989 1227 1116 1298 seducti
1136 1240 1175 1301 et,
1191 1229 1274 1297 foris

224 1330 336 1431 mette,
352 1339 505 1426 praeventi
526 1353 619 1406 extra
637 1341 806 1407 eeclesiam
828 1340 897 1407 sine
920 1340 1216 1434 communicatione
1239 1351 1274 1408 et

222 1467 307 1535 pace
317 1450 482 1534 perierunt
490 1472 501 1528 3
524 1470 664 1536 quorum
678 1448 795 1515 animae
807 1449 841 1515 in
860 1448 913 1515 die
927 1448 1045 1538 judicii
1063 1449 1108 1517 de
1122 1449 1275 1540 ipsorum
1284 1467 1322 1529 lo

223 1558 376 1626 manibus
390 1572 579 1645 expetentur
593 1559 649 1648 qui
663 1559 854 1647 perditionis
869 1573 1017 1625 suctores
1030 1569 1064 1624 et
1076 1559 1176 1631 duces
1189 1559 1276 1629 exti-

220 1677 347 1735 terunt.
391 1671 434 1735 Et
452 1669 577 1739 idcirco
601 1672 677 1737 satis
698 1686 749 1738 est
768 1673 887 1739 talibus
901 1671 1274 1741 revertentibus-veniam

278 1775 309 1873 fr.
348 1779 431 1842 Non
444 1783 551 1845 tamen
566 1779 663 1847 debet
677 1781 711 1846 in
727 1781 827 1848 domo
842 1780 915 1847 fidei
930 1781 1063 1868 perfidia
1075 1782 1275 1869 promoveri.

168 1922 174 1927 ·
219 1774 315 2001 ᾖ
328 1887 408 1974 quid
426 1889 519 1954 bonis
533 1903 566 1954 et
581 1890 807 1957 innocentibus
822 1904 921 1978 atque
935 1891 976 1955 ab
991 1890 1126 1956 ecclesis
1139 1912 1207 1956 non
1222 1911 1272 1957 re-

225 1982 414 2070 cedentibus
440 2020 646 2078 reservamus,
668 2000 695 2064 si
717 2022 774 2064 eos
798 2001 854 2087 qui
876 1998 1007 2063 anobis
1029 1998 1219 2069 recesserint
1240 2013 1319 2073 etis

221 2119 339 2172 eontra
352 2108 522 2173 ecclesiam
536 2109 682 2174 steterint
697 2107 916 2175 honoramus?
949 2110 1032 2173 Haec
1046 2107 1088 2173 ad
1102 2110 1273 2181 eonscien-

220 2219 303 2299 ‚tiam
328 2233 435 2301 tuem,
453 2222 552 2287 frater
573 2223 748 2301 carissime,
769 2236 803 2289 et
824 2244 885 2308 pro
907 2221 1029 2287 honore
1050 2224 1223 2293 communi
1240 2235 1274 2297 st

182 2361 188 2375 κ
224 2347 286 2416 pro
304 2329 447 2415 'simplici
470 2329 644 2395 dilectione
666 2330 1061 2416 pertulimus,.credentes
1085 2331 1187 2401 etiam
1213 2332 1273 2407 tibi

218 2461 286 2528 -pro
300 2440 465 2528 religionis
481 2455 546 2507 tuae
562 2456 595 2507 et
611 2442 686 2508 fidei
699 2444 831 2508 veritate
845 2443 974 2529 placere.
984 2466 1058 2529 quae
1071 2456 1106 2509 et
1119 2442 1275 2529 religiose

224 2554 390 2641 pariter-et
402 2576 476 2620 vera
490 2568 577 2620 sunt.
622 2555 785 2621 Caeterum
809 2556 929 2623 scimus
942 2552 1101 2640 quosdam
1117 2552 1209 2639 quod
1224 2569 1314 2629 sesso

226 2664 294 2729 mel
313 2663 501 2729 imbiberint
521 2664 607 2729 nolle
627 2665 789 2751 deponere
811 2687 870 2730 nec
891 2661 1096 2751 propositum
1111 2682 1211 2727 suum
1224 2663 1273 2734 fae

225 2773 288 2840 cile
310 2785 448 2853 mutare,
470 2773 527 2838 sed
549 2774 634 2839 salvo
657 2774 740 2839 inter
761 2774 904 2860 collegas
926 2772 1013 2859 pacis
1034 2783 1070 2836 et
1088 2771 1272 2843 concordie

226 2887 355 2954 vinculo
369 2888 518 2976 quaedam
539 2889 669 2976 propria
684 2911 756 2975 quae
776 2888 863 2975 apud
877 2909 912 2954 se
926 2887 1026 2954 semel
1042 2885 1106 2952 sint
1119 2896 1274 2974 usurpate

227 2997 375 3062 retinere.
418 2999 493 3084 Qua
509 2996 542 3061 in
558 3020 593 3062 re
606 3018 665 3062 nec
681 3020 740 3061 nos
755 2998 818 3061 vim
835 2997 987 3084 cuiquam
1002 2994 1141 3065 facimus
1154 3006 1214 3061 aut
1226 2994 1272 3061 le-

222 3129 305 3196 ·gem
328 3108 455 3188 damus,
477 3110 608 3197 quando
630 3109 748 3174 habeat
771 3110 804 3173 in
828 3107 973 3173 ecclesiae
995 3103 1315 3183 administrationes}

227 3218 402 3284 uoluntatis
415 3240 483 3284 suae
497 3217 663 3284 arbitrium
678 3216 816 3283 liberum
831 3216 1052 3303 unusquisque
1065 3213 1275 3300 prepositus,

228 3326 385 3393 rationem
402 3340 493 3392 ectus
508 3327 558 3391 sui
573 3325 720 3392 Domino
733 3325 929 3394 redditurus.
973 3325 1134 3410 optamus
1148 3333 1198 3404 te,
1210 3322 1275 3389 fra-

221 3451 278 3503 ter
291 3438 466 3519 carissime,
481 3460 591 3526 sempe
608 3438 692 3504 bene
710 3439 822 3504 valere.
