2678 4756
159 285 224 360 320
462 269 497 336 s.
521 267 716 336 rursus
744 264 897 335 anax.

159 441 246 516 vitae
272 452 416 542 tempus
441 443 489 516 ob
515 443 745 541 ingruentem
772 451 1037 543 tempestatem
1055 440 1199 518 arctiore

162 566 355 667 disciplina
373 594 448 641 sese
464 567 627 659 exercuit
648 567 790 657 Petrus,
800 565 1079 664 communique
1095 567 1200 642 eoele-

161 690 296 765 siarum
315 690 464 764 utilitati
482 717 548 790 pro
564 688 657 764 virili
676 688 876 791 prospexit.
927 686 1011 766 Sub
1034 689 1106 764 hac
1127 718 1206 792 pen.

161 814 346 889 secutione
369 814 433 889 diu
458 841 543 888 eum
567 814 606 887 in
628 839 771 887 caraem
792 812 990 888 detentum
1013 813 1129 888 fuisse
1144 841 1200 888 ne·

159 965 258 1014 cesse
276 953 342 1030 est,
361 939 390 1011 si
409 938 520 1012 modo
536 964 620 1012 vera
638 937 724 1029 sint,
742 962 826 1035 quae
851 935 898 1011 de
922 935 1084 1013 dissidio
1101 938 1199 1012 illum

157 1062 255 1154 inter
288 1075 325 1136 et
358 1062 553 1155 Meletium
591 1060 900 1162 Lycopolitanum
934 1059 979 1135 in
1014 1060 1201 1151 Thebaide

157 1187 368 1288 episcopum
398 1200 470 1260 aen
499 1186 660 1278 incertis,
689 1197 732 1259 ut
763 1186 905 1285 opinor,
931 1185 964 1258 si
994 1212 1073 1259 non
1100 1186 1201 1277 fictis,

156 1309 443 1386 Meletianorum
457 1311 547 1385 actis
561 1311 793 1412 Epiphanius
808 1307 926 1385 refert.
948 1310 1118 1409 (Haeres.
1129 1311 1199 1409 6⁸.)

157 1433 256 1511 Mihi
281 1435 430 1533 quidem
455 1436 494 1509 in
516 1462 555 1508 rc
577 1435 714 1509 incerta
737 1435 915 1510 divinanti
939 1437 1140 1536 probabile
1155 1438 1201 1511 vi·

157 1560 276 1652 detur,
294 1561 443 1633 Petrum
467 1562 536 1635 sub
560 1560 794 1636 Diocletiano
817 1563 872 1636 vel
899 1562 1056 1638 Galerio
1084 1564 1199 1638 Maxi·-

156 1686 322 1759 miniano
341 1686 380 1759 in
397 1686 563 1773 custodia
580 1686 768 1779 traditum,
785 1686 1027 1787 postmodum
1047 1687 1198 1763 vinculis

155 1810 378 1902 absolutum,
407 1810 556 1886 demum
589 1813 658 1885 sub
688 1810 898 1885 Maximino
926 1838 1084 1912 passum
1115 1824 1197 1889 esse.

143 1934 264 2008 ¹Certe
282 1935 485 2009 luculenter
506 1934 616 2009 tradit
633 1934 828 2028 Eusebius,
846 1936 930 2032 (loc.
944 1936 1029 2034 cit.)
1050 1938 1120 2036 qui
1136 1939 1197 2013 hae

152 2059 233 2160 ipsa
258 2070 477 2160 tempestate
501 2058 540 2132 in
562 2057 729 2160 AEgypto
756 2060 980 2153 versabatur,
1007 2061 1065 2137 ibi
1091 2062 1195 2138 etiam

152 2185 196 2260 in
217 2211 398 2259 carcerem
425 2184 605 2276 detrusus,
632 2184 782 2258 Petrum
810 2184 957 2260 nullum
982 2187 1032 2260 oh
1059 2188 1194 2264 crimen

152 2310 473 2408 comprehensum,
514 2320 647 2407 praeter
690 2309 857 2383 omnium
899 2310 1193 2412 expectationem

152 2434 274 2508 subito
300 2446 338 2507 et
362 2435 500 2530 absque
524 2432 599 2505 ulla
623 2432 803 2532 probabili
828 2459 937 2508 causa
964 2436 1046 2510 solo
1077 2437 1194 2512 Maxi·

152 2558 245 2632 mini
261 2557 367 2655 jussu
385 2559 502 2657 capite
519 2570 731 2632 truncatum
750 2585 839 2632 esse.
895 2557 1009 2635 bHoc
1024 2561 1063 2636 ei
1082 2562 1193 2663 conti·

150 2681 208 2782 git·
229 2709 325 2756 anno
348 2682 610 2782 persecutionis
633 2710 744 2776 nono,
766 2683 998 2785 episcopatus
1024 2687 1193 2764 suiduo-

151 2804 307 2899 decimo,
325 2806 463 2880 Christi
481 2819 567 2880 311.

189 3026 424 3107 ‘Epiphaniam
443 3030 523 3089 istaec
544 3028 638 3088 dubiae
659 3048 721 3086 esse
741 3028 806 3088 fidei
827 3036 895 3087 aute
915 3029 1081 3092 docuerant
1103 3032 1190 3093 Baro-

149 3132 214 3191 nius
229 3144 258 3190 et
270 3133 416 3202 Peresius,
430 3135 478 3191 hic
491 3136 522 3192 in
535 3134 624 3192 Notis
638 3135 674 3192 ad
686 3135 892 3215 Epiphanium‚
907 3133 956 3192 ille
968 3136 1001 3195 in
1014 3137 1187 3198 Annalibus.

147 3233 247 3295 Plures
264 3251 359 3298 autem
373 3240 527 3297 eorundem
548 3249 678 3297 aetorum
699 3259 808 3298 errores
829 3241 955 3300 indicare
972 3239 1037 3320 jam
1060 3244 1146 3304 licuit
1158 3264 1190 3303 ex

148 3344 276 3419 Epistola
294 3347 490 3422 Epucopornm
506 3347 545 3402 od
561 3346 706 3404 Meletium
723 3345 800 3403 infra
820 3343 985 3426 subjuncta,
1004 3368 1073 3426 qure
1094 3370 1114 3409 a
1133 3350 1190 3410 Sci·

146 3450 234 3528 plone
247 3449 347 3508 Maffei
361 3452 483 3530 primum
497 3451 574 3509 edita
587 3462 640 3511 est.

186 3549 267 3611 bDe
288 3555 318 3612 S.
332 3555 411 3612 Petri
432 3556 614 3634 episcopatus
635 3558 793 3635 mortisque
812 3559 896 3616 annis
916 3558 994 3618 inter
1013 3564 1188 3622 recentiores

145 3655 207 3716 lere
222 3677 321 3716 omnes
336 3662 480 3720 convenit.
524 3661 572 3719 De
586 3661 662 3720 festo
677 3660 749 3740 ejus,
765 3664 841 3741 quod
855 3683 872 3721 a
885 3664 1031 3735 veteribus
1046 3686 1188 3739 memora?

146 3771 205 3830 tur,
227 3760 359 3823 consulas
385 3764 493 3823 Bednm
518 3758 647 3844 aliosque
669 3767 896 3847 Martyrologos.
943 3769 1093 3832 Caeterum
1116 3775 1189 3832 inter

146 3867 218 3927 alios
243 3868 319 3924 viros
344 3868 470 3944 insignes
492 3869 614 3929 Paulum
636 3890 734 3930 senem
757 3873 837 3931 Petri
858 3876 993 3952 martyris
1015 3876 1187 3959 discipulum

145 3973 326 4033 Alexandriae
351 3974 440 4032 vitam
466 3975 559 4034 adhue
582 3977 674 4053 egisse
699 3988 829 4056 tempore
853 3981 1095 4042 commorationis
1119 4000 1185 4054 καθ’,

145 4097 209 4158 qua
227 4088 294 4158 post
312 4099 419 4138 annum
432 4080 471 4143 37
474 4082 503 4140 0.
517 4083 649 4158 contigit,-
666 4083 784 4141 tradidit
798 4083 921 4143 Rufinus
935 4085 965 4144 in
981 4086 1126 4151 Inonem
1137 4091 1188 4150 See

143 4188 267 4285 modin
279 4187 402 4289 Hieron,
407 4205 436 4270 p.
447 4187 517 4287 2826.
532 4187 713 4263 edfrfobeu.
726 4200 798 4254 tom.
808 4191 847 4253 iv.
861 4192 916 4271 Op.
927 4191 1044 4267 ismae.
