2678 4756
230 262 297 366 ‘15⁸
574 274 937 345 Annora’rtonns
1021 272 1024 277 ·

169 498 172 503 -
277 448 370 527 P.95.
383 447 406 512 l.
424 463 470 514 12.
486 468 543 536 per
556 470 671 515 manus
681 438 935 536 impositionem]
950 448 1280 536 renitentes-adpo·-

225 534 379 599 ·nitentiae
400 536 571 599 stationem
596 557 688 600 suam
751 558 766 600 r
785 558 940 601 manuum
957 535 1202 622 impositionem
1223 534 1280 598 ad·

235 620 322 684 mitti
337 620 423 684 s'oliti
439 635 532 697 sunt;
555 643 626 706 quae
645 558 777 708 quitieim
799 623 963 707 impositio
982 642 1137 686 manuum
1158 621 1280 707 saepius

234 707 451 790 repetebatur.
487 708 562 770 Hoc
578 721 686 770 autem
705 706 904 792 significatur
925 708 956 771 in
973 706 1130 795 Cypriani
1145 706 1217 793 Ep.
1227 727 1276 769 xv.

234 790 338 854 el.11.
364 793 446 854 Item
463 810 585 865 canone
605 815 654 854 xv.
670 790 802 868 Consilii
821 792 1012 879 Agatiensis
1033 793 1195 875 sancitum
1217 803 1276 868 est,

234 874 351 940 debere
368 898 481 939 omnes
503 876 543 940 ad
562 878 749 962 episcopum
775 879 928 942 accedere
948 878 1148 962 poenitentiae
1168 898 1275 955 muso,

224 972 271 1025 'ut
281 983 394 1024 manns
406 963 465 1025 sibi
479 963 685 1048 imponantur
700 962 874 1026 secundum
890 984 1014 1026 motem
1028 963 1150 1050 ubique
1160 982 1273 1047 recep·

233 1063 315 1110 tum.
339 1049 423 1111 Haec
440 1049 708 1111 nlnnsninsns
728 1049 848 1133 interp.
860 1048 1034 1134 ,Anglicus
1069 1049 1148 1112 Tria
1162 1047 1273 1112 saltem

232 1131 475 1216 impositionum
490 1156 602 1196 manns
613 1154 732 1218 genera
743 1133 775 1197 in
787 1133 885 1218 hujus
899 1134 1026 1197 concilii
1037 1134 1119 1198 actis
1131 1133 1274 1211 invenio;

230 1238 333 1295 unum
348 1219 390 1282 ud
403 1218 613 1302 accipienti-zan
630 1217 782 1302 Spiritum
800 1220 948 1283 Sanctum
963 1221 994 1283 in
1012 1218 1183 1305 Suffragiis
1193 1236 1229 1282 v.
1243 1230 1275 1282 et

232 1308 342 1367 ΠΝ.
357 1320 390 1368 et
411 1305 441 1367 in
459 1304 604 1388 Epistola
623 1305 746 1390 Synodi
769 1304 1273 1389 superioris-commemoratum

223 1388 368 1453 'alterum
384 1390 446 1452 lroc
467 1388 500 1451 in
516 1390 732 1472 poenitentiam
748 1411 843 1475 super
857 1389 929 1453 illos
945 1391 1001 1475 qui
1016 1389 1173 1474 baptizati
1188 1389 1273 1474 prius

230 1472 264 1536 in
278 1474 413 1537 ecclesia
425 1473 571 1551 fuissent,
587 1491 700 1559 postea
713 1493 768 1560 per
781 1496 893 1539 mortus
907 1473 1132 1559 impositionem
1144 1474 1272 1538 restita-

224 1559 333 1636 endos,
358 1559 420 1623 hoc
440 1574 500 1636 est,
522 1560 757 1623 absolutionem
775 1560 853 1623 dum
869 1561 1042 1646 accipiunt,
1058 1559 1101 1623 de
1123 1580 1193 1645 quo
1207 1560 1273 1646 agit

232 1643 428 1730 suffragium
452 1664 552 1708 xxtr.
577 1646 707 1708 tertium
733 1645 872 1732 denique
895 1644 929 1708 in
951 1644 1119 1708 exorcismo
1146 1640 1272 1708 adhibi·

230 1731 419 1815 tum,·quod
434 1730 465 1793 in
486 1730 624 1816 Suffrag.
649 1751 805 1795 xxxvtt.
829 1731 1024 1808 nominatur,
1043 1730 1202 1816 quodque
1222 1728 1272 1795 iti·

223 1813 308 1878 ·dem
324 1816 457 1879 indicari
471 1814 594 1879 videtur
610 1816 641 1878 in
660 1837 732 1880 vir.
749 1829 782 1879 et
798 1836 908 1897 xxxt.

275 1900 412 1967 Romani
442 1900 573 1986 quidem
602 1901 746 1987 episcopi
775 1903 868 1965 verba
897 1922 971 1987 quae
999 1922 1018 1965 a
1044 1900 1213 1987 Cypriano
1240 1898 1272 1965 in

230 1984 339 2083 Epist.
357 1986 399 2051 nti
413 1986 605 2070 Pompeiam,
621 1987 682 2049 sub
698 1987 766 2051 init.
783 1987 998 2063 adducuntur,
1022 1987 1068 2049 ita
1084 2008 1122 2050 oe
1142 1985 1271 2063 habent,

224 2071 268 2136 'Sz
284 2072 354 2158 qais
365 2095 436 2171 ergo
451 2094 471 2135 a
486 2093 678 2158 qnocmnpne
692 2071 804 2135 lroeresi
816 2071 932 2136 venerit
947 2071 989 2135 oti
1002 2094 1068 2149 nos,
1084 2066 1277 2154 niln'l'innog¹

230 2168 330 2236 vetar,
351 2159 413 2221 nist
432 2158 514 2245 qnod
532 2158 685 2220 traditum
704 2168 761 2233 est,
781 2168 817 2220 ut
837 2178 947 2221 monas
966 2154 1018 2220 illi
1034 2157 1214 2241 imponatur
1233 2155 1273 2219 od

225 2243 457 2326 poenitentium.
489 2244 532 2306 Et
548 2258 720 2327 postquam
736 2243 900 2341 superiora
915 2242 1116 2327 scripseram,
1131 2241 1197 2306 vidi
1213 2243 1271 2306 Pe·

230 2341 315 2391 trum
332 2328 559 2392 Constantium
570 2329 601 2391 in
614 2328 841 2392 Dissertatione
852 2349 947 2413 supra
959 2328 1000 2391 ad
1013 2348 1090 2412 pag.
1102 2340 1171 2404 149.
1182 2348 1269 2392 com·

228 2426 408 2477 memorata
422 2435 495 2499 quae
510 2414 561 2475 De
577 2412 727 2498 Stephani
743 2413 903 2477 Sententia
919 2412 989 2498 agit
1004 2412 1096 2476 Circa
1109 2413 1268 2498 Receptio·

228 2519 299 2561 nem
325 2498 564 2575 Haereticornm,
589 2498 761 2562 docentem
790 2510 870 2562 sect.
886 2522 914 2560 v.
942 2518 974 2582 p.
989 2503 1164 2583 aee—246.
1191 2497 1268 2562 nihil

218 2604 298 2646 esse
314 2583 347 2645 in
365 2582 467 2646 verbis
485 2583 651 2668 Stephani,
663 2582 752 2670 quod
771 2583 1013 2668 confirmationis
1032 2597 1267 2647 sacramentum

225 2667 484 2752 -signiiicet,nilril
497 2691 563 2754 quo
574 2670 667 2733 aliam
680 2670 772 2732 abeo
786 2689 899 2733 manus
912 2669 1164 2753 impositionem,
1172 2690 1267 2755 quam

221 2752 335 2832 istam,
346 2754 620 2841 quaepoenitentioe
630 2754 782 2817 indicium
796 2768 891 2832 esset,
902 2754 1074 2818 desiderari
1085 2754 1264 2839 opinemur.

228 2839 361 2903 Fatetur
383 2854 491 2903 tamen
521 2840 607 2903 idern
633 2840 679 2902 vir
700 2840 742 2903 cl.
769 2839 987 2903 Firmilianum
1010 2854 1043 2902 et
1067 2838 1266 2925 Cyprianum

227 2945 404 3012 eorumque
427 2925 533 2989 socios
554 2927 691 3011 aliqum,
713 2925 869 3009 Stephani
890 2925 980 2988 istaec
995 2923 1091 2987 verba
1109 2925 1266 3011 interpre-

226 3021 343 3089 tantes,
369 3011 447 3074 ritus
473 3011 723 3075 confirmationis
749 3009 788 3074 ab
815 3010 976 3075 haereticis
996 3009 1150 3073 celebrati
1172 3011 1266 3074 itera·

224 3096 348 3160 tionem
366 3097 406 3159 ab
425 3117 465 3160 eo
482 3096 610 3159 admitti
630 3096 759 3159 sibimet
777 3095 969 3178 persuasisse
980 3119 990 3171 3
1015 3095 1081 3158 hoc
1102 3117 1177 3159 vero
1200 3096 1266 3183 cy·

223 3181 337 3267 priano
360 3204 423 3245 non
439 3203 511 3245 vere
529 3203 717 3266 persuasum
739 3202 809 3243 esse
831 3181 952 3257 statuit,
972 3195 1008 3244 ut
1026 3179 1094 3259 dini
1110 3202 1211 3266 supra
1229 3180 1267 3245 ad

223 3286 300 3352 pag.
315 3274 382 3332 146.
399 3268 441 3331 cl.
454 3269 619 3331 Marones·
645 3269 751 3329 lrnmo
766 3266 896 3351 insuper
909 3265 1059 3329 concedit
1074 3265 1162 3329 idem
1179 3267 1265 3331 Cou-

224 3354 372 3431 stantius,
396 3354 566 3439 antiquum
588 3353 774 3436 scriptorem
791 3352 843 3414 De
858 3351 1021 3434 Baptismo
1036 3348 1265 3416 Hoereticomm

225 3435 308 3500 inter
323 3438 519 3523 Cyprianica
533 3436 699 3523 Opuscula
712 3436 920 3514 collocatum,
941 3436 1183 3520 impositionem
1199 3458 1265 3501 ma·

219 3543 296 3600 vnus,
314 3545 388 3607 quae
402 3523 600 3585 venientibus
615 3523 656 3584 ab
672 3521 787 3585 haeresi
807 3521 951 3608 injuncta
964 3536 1024 3599 est,
1040 3520 1081 3584 ad
1095 3523 1265 3585 confirma·

226 3606 346 3669 tionem
364 3620 506 3692 spectare
526 3608 696 3671 censuisse.
730 3606 814 3670 Aliis
837 3630 911 3671 vero
933 3619 1077 3670 veterum
1095 3606 1265 3671 auctorum

223 3688 305 3756 locis
320 3703 354 3754 et
368 3691 515 3754 formulis
531 3691 721 3777 quibusdam
739 3692 908 3755 ritualibus
928 3713 961 3755 sc
979 3691 1089 3755 induci
1105 3693 1270 3756 Constan⁴

224 3775 289 3840 tius
313 3777 368 3854 ait,
393 3790 429 3840 ut
454 3777 624 3854 existimet,
646 3777 806 3863 duplicem
830 3774 1063 3840 fuisse'manus
1086 3776 1264 3863 impositio·

224 3882 299 3926 nem
310 3862 571 3946 supervenientes
586 3863 624 3926 ab
639 3862 760 3938 haeresi,
775 3885 792 3926 a
804 3862 1054 3926 confirmationis
1068 3863 1134 3926 ritu
1147 3860 1265 3927 utram·

219 3967 287 4034 que
310 3946 513 4027 distinctam
549 3970 659 4027 unam,
695 3971 769 4034 quae
803 3964 861 4046 per
886 3947 1122 4035 invocationem
1158 3946 1265 4012 Sancti

223 4032 370 4118 Spiritus·
386 4031 621 4098 catholicorum
642 4044 816 4098 conventui
843 4032 952 4097 statim
977 4033 1089 4110 societ,
1120 4033 1265 4111 alteram,

220 4139 287 4216 qua
302 4117 468 4183 differatur
482 4133 601 4183 sanctae
615 4117 854 4183 communionis
869 4116 1042 4197 restitutio,
1063 4132 1101 4180 ut
1122 4140 1181 4204 per
1193 4118 1265 4205 plu·

220 4224 320 4284 nmos
346 4203 549 4289 poenitentiae
571 4205 696 4271 fluctus
724 4203 919 4300 acquiratur.
964 4206 1152 4276 Attamen
1179 4201 1266 4269 haud
