2678 4756
249 295 303 363 ΙΝ
313 297 358 363 'S.
380 292 639 363 LUCIANUM
661 294 937 365 MARTYREM.
1048 311 1132 379 293.

66 466 201 556 relique
223 466 389 546 orationis,
405 466 514 547 habet,
529 489 569 534 ex
590 466 692 532 tribus
713 465 935 531 vetustissimis
956 461 1110 529 editioni·

66 553 142 632 bus,
163 555 262 618 MSto
286 575 326 616 ue
347 553 488 639 Collegii
511 554 544 616 S.
566 553 715 639 Magdal.
738 553 868 629 Oxonii,
888 550 1022 616 alteram
1042 546 1109 615 led·

65 639 191 703 tionem
205 639 243 703 de
291 661 323 702 eo
339 639 493 703 revocavi.

111 727 146 788 P.
159 731 229 789 286.
248 723 272 788 l.
289 730 334 787 16.
357 738 431 788 ante
453 727 557 809 reges]
576 721 662 787 Ante
683 744 770 809 reges
790 734 862 787 tum
884 721 985 786 nostri
1008 714 1107 785 MSS.

63 807 140 956 lgbri
163 824 233 874 tum
257 821 372 881 vetust.
396 812 478 894 Reg.
516 809 616 895 Apud
634 808 739 872 editos
755 809 908 893 adreges.
933 807 1020 872 Pur.
1035 807 1107 871 Tra.-

99 913 273 958 sccrnar.
1134 908 1143 926 .

109 979 195 1042 lbid.
211 979 233 1042 l.
248 994 297 1042 22.
320 992 393 1043 acta
412 978 515 1063 Pilati]
537 981 674 1042 Horum¹
688 989 837 1056 aetorum,
854 1000 926 1064 quae
942 977 1072 1063 quidem
1088 998 1109 1040 a

110 1063 241 1128 ntllibus
257 1065 317 1130 sub
332 1065 396 1128 hoc
410 1077 541 1150 tempus
557 1065 694 1128 conficta
708 1074 808 1140 erant,
820 1063 1017 1127 mentionem
1030 1060 1108 1126 fecit

62 1082 225 1212 {lesbius
240 1149 295 1214 lib.
308 1151 350 1214 ix.
367 1148 454 1213 Hist.
471 1172 542 1234 cap.
557 1164 587 1213 5.
602 1149 730 1234 aliique.
775 1151 875 1213 Erant
895 1160 1004 1212 autern
1025 1156 1108 1211 te'ste

62 1234 181 1298 eodem
196 1235 349 1314 Eusebi0,
364 1239 463 1312 πάσης
479 1234 588 1316 ἔμπλεα
602 1240 676 1298 κατὰ
690 1240 727 1297 rii
742 1237 836 1320 Χριςῢ
851 1232 1045 1316 βλασφημίας.

108 1318 194 1382 Ibid.
211 1320 298 1384 1.25.
321 1320 473 1402 testibus]
496 1322 533 1384 In
555 1332 673 1385 vetust.
696 1319 780 1383 Cod.
804 1320 887 1405 Reg.
912 1317 1105 1382 testimoniis.
1163 1350 1166 1355 ’

63 1401 272 1468 ciccum.

107 1489 193 1552 lbid.
216 1490 237 1552 l.
254 1497 304 1554 26.
335 1492 409 1556 Pars
436 1512 517 1577 pene
541 1490 655 1555 mundi
677 1490 746 1577 jam
772 1488 888 1576 major]
919 1486 1108 1553 Praestitisse

63 1572 135 1638 aliis
146 1574 354 1639 multitudine
366 1577 415 1640 his
450 1597 557 1662 uoque
569 1576 770 1661 temporibus
782 1574 995 1655 Christianos,
1004 1573 1107 1660 scrip-

63 1664 135 1723 tum
150 1671 236 1723 extat
252 1652 339 1745 apud
355 1599 579 1748 Porplryrium‚
592 1665 647 1748 qui
662 1683 717 1726 eos
731 1661 851 1725 alicubi
866 1659 1041 1724 nominavit
1055 1656 1108 1732 τές

62 1742 209 1823 πλέονας,
224 1759 262 1809 ut
279 1767 333 1823 me
350 1746 428 1810 olim
450 1748 528 1812 fecit
550 1748 720 1811 certiorem
740 1746 975 1811 eruditissimus
992 1747 1108 1809 Porso-

62 1849 136 1893 nus.
1056 1874 1059 1878 ›
1167 1894 1168 1898 ,

82 1949 84 1952 ν
107 1912 193 1977 lbid.
210 1913 234 1977 l.
247 1929 299 1979 31.
322 1915 391 2003 ipse
407 1918 438 1981 in
453 1916 693 2004 Hierosolymis
708 1916 814 2000 loeus]
828 1916 960 1981 atvero
975 1915 1024 1980 his
1039 1917 1107 1980 Lu·

61 1997 147 2063 ciani
163 2002 364 2086 temporibus
379 2002 474 2067 AElia
491 2004 568 2067 urbs
588 2002 686 2087 vulgo
699 2002 858 2088 appellata
879 2015 940 2081 est,
955 2001 1107 2100 idemque

61 2084 199 2148 fortasse
219 2085 338 2150 invenit
358 2110 477 2152 nomen
501 2088 635 2152 Rufinus
659 2087 691 2150 in
712 2109 772 2151 suo
792 2087 985 2172 'exemplari3
1007 2086 1106 2174 hujus

61 2177 173 2257 tamen
189 2183 283 2235 aetate
302 2173 508 2238 recruduerat
524 2186 613 2238 vetus
632 2171 713 2236 illud
729 2164 958 2259 Hierosolyrnae
976 2193 1105 2236 nornen.

62 2253 228 2320 Caeterum
250 2257 283 2320 in
297 2259 374 2323 MS.
391 2259 523 2347 Collegii
545 2261 578 2324 S.
594 2256 745 2344 Magdal.
767 2257 866 2322 Onon.
887 2277 983 2344 supra
1004 2257 1106 2343 scrip·

62 2350 134 2404 tum
152 2344 212 2420 est,
225 2341 292 2426 ipse
306 2344 361 2429 qui
375 2343 407 2407 in
425 2345 468 2407 H.
484 2343 566 2408 locris
579 2355 635 2407 est.
982 2383 986 2388 ·

70 2494 75 2502 ,
102 2425 191 2491 Ibid.
219 2427 431 2513 Golgothaua
454 2451 550 2515 rupes
577 2428 637 2493 sub
662 2426 799 2514 patibuli
823 2447 921 2490 onere
943 2427 1103 2513 disrupta]

61 2510 96 2574 8.
108 2509 257 2598 *Cyrillus
274 2513 381 2577 medio
396 2514 459 2578 hoe
476 2515 595 2578 saeculo
611 2528 726 2600 quarto
741 2526 860 2576 sanetae
875 2512 964 2576 urbis
978 2514 1105 2598 episco-

59 2615 124 2679 pus
138 2597 171 2659 in
189 2597 347 2661 Goteelresi
363 2613 410 2662 13.
428 2600 498 2663 haee
519 2613 655 2664 testatus
672 2610 747 2676 est;
769 2599 807 2661 ‘0
825 2603 976 2681 Γολγοθᾶς
994 2597 1071 2673 οὗτος
1091 2603 1106 2662 i

59 2676 142 2763 ἅγιος
161 2686 175 2743 ri
197 2683 375 2767 ὑπερανεςῶς,
390 2686 411 2769 ii,
427 2685 513 2791 μέχρι
530 2680 646 2771 σῆμερον
661 2683 829 2765 φάινόμενος,
844 2683 866 2768 a]
880 2684 1002 2746 decliviora
1016 2683 1104 2770 μέχρι

58 2770 105 2827 νῦν
120 2763 189 2840 ὅπως
204 2769 247 2829 διὰ
265 2770 369 2853 Χριςὸν
383 2775 412 2831 αῖ
425 2795 530 2855 exerpsi
545 2770 607 2832 τότε
622 2771 788 2856 ἒρῤίιγησᾳν·
817 2767 850 2830 ro*
863 2774 960 2850 μνῆμα
974 2771 1006 2832 ti
1022 2782 1105 2846 πλη·

58 2848 133 2929 dlii,
149 2848 212 2915 duaa
228 2851 320 2929 ἐτέθη,
335 2852 381 2930 nul
402 2859 414 2916 ὁ
437 2853 567 2929 ἐπιτεθεὶς
589 2861 622 2940 τῇ
642 2854 715 2940 θύρᾳ
733 2853 821 2930 λίθος,
844 2858 857 2915 ὁ
878 2854 966 2941 μέχρι
988 2853 1105 2938 σήμερον

58 2939 147 3020 παρὰ
159 2941 201 3022 aqi
213 2936 334 3023 μνημάῳ
350 2938 479 3020 κείμενος.
524 2942 634 3025 Atque
648 2939 689 3004 de
708 2938 806 3002 scissa
820 2959 900 3024 rupe
918 2939 1005 3026 apud
1020 2939 1104 3003 Hie-

57 3020 259 3107 iosolymain
275 3023 453 3088 etiamnum
468 3025 544 3104 visa,
560 3046 657 3110 quam
678 3024 769 3088 aiunt
782 3036 853 3088 tum
867 3025 1023 3110 temporis
1037 3024 1105 3088 dis·
1174 3024 1177 3028 ‘
1207 3099 1210 3102 ,

57 3117 190 3190 ruptam
210 3128 248 3183 ac
271 3106 402 3171 divisam
424 3109 535 3187 fuisse,
558 3108 687 3195 quando
709 3119 823 3171 auctor·
844 3122 967 3175 naturae
990 3124 1106 3194 passus

57 3189 114 3269 sit,
129 3189 216 3255 illam
239 3191 326 3265 haud
346 3202 434 3257 'certe
454 3195 669 3270 instrumento
690 3212 868 3279 quoquam,
885 3192 941 3256 'sed
959 3195 989 3257 vi
1008 3206 1102 3258 terrae

55 3280 168 3340 motas
190 3277 346 3342 divulsam
367 3279 477 3358 fuisse,
496 3280 537 3343 cl.
555 3278 780 3357 Maundrellus
800 3279 941 3343 ostendit
956 3280 989 3342 in
1005 3279 1106 3344 ltine-¹

56 3360 142 3423 rurio
157 3383 229 3440 suo,
244 3384 276 3448 p.
291 3373 340 3438 73.
378 3365 489 3428 Habet
503 3365 579 3428 MS.
595 3363 746 3450 Magdal.
760 3363 929 3450 Golgotlra,
944 3376 978 3428 et
992 3360 1103 3429 donare

54 3465 119 3531 pro
134 3467 233 3526 onera
248 3460 282 3510 et
295 3449 392 3534 paulo
407 3462 491 3534 post,
508 3450 643 3514 ereditur
655 3449 781 3512 reddere
793 3470 852 3535 pro
865 3446 1012 3514 reddidit.

103 3531 138 3594 P.
150 3543 220 3608 287.
237 3531 260 3594 l.
275 3546 301 3596 1.
323 3533 394 3598 Aut
415 3534 442 3597 si
463 3534 569 3599 adhue
588 3534 678 3600 vobis
701 3535 808 3598 minus
825 3534 923 3620 digna
943 3535 1104 3616 videntur,

57 3614 138 3699 Sia]
154 3616 188 3680 Si
210 3619 330 3683 oratori
350 3618 422 3682 haec
445 3621 613 3684 convenire
630 3620 736 3706 magis
758 3640 856 3706 quam
880 3622 1014 3711 martyri
1029 3622 1103 3707 jam

55 3701 255 3766 moribundo
281 3704 439 3783 videntur,
460 3705 644 3770 meminisse
666 3705 834 3784 debemus,
854 3705 1100 3771 disertissimum

54 3785 156 3856 faiise
171 3789 376 3876 Hieronymo
390 3790 424 3853 id
440 3792 577 3854 testante
591 3791 784 3855 Lucianum.
964 3803 965 3806 ’
1102 3814 1106 3821 ·

102 3871 187 3938 Ibid.
202 3875 267 3936 l.6.
290 3875 323 3938 in
345 3875 512 3940 annalibus
536 3876 660 3959 vestris]
683 3877 816 3939 Locum·
829 3872 928 3962 hujus
950 3877 1104 3955 similem,

54 3955 114 4041 qui
132 3958 220 4042 apud
237 3959 471 4025 Tertullianum
487 3973 574 4025 extat
588 3961 621 4025 in
633 3959 791 4048 Apologia
805 3982 875 4047 cap.
888 3976 937 4025 21.
955 3977 1102 4046 spectare,

54 4039 100 4103 ad
116 4042 247 4127 publica
262 4045 412 4130 quaedam
430 4059 511 4124 acta,
529 4068 592 4110 non
609 4046 650 4109 ad
667 4045 865 4133 Phlegontis,
884 4047 932 4110 vel
945 4047 1026 4110 alius
1041 4069 1100 4110 cu·

49 4122 208 4279 josippam
230 4131 381 4209 auctoris,
403 4152 498 4217 opus,
520 4132 693 4196 arbitratur
717 4131 836 4196 clariss.
859 4129 1041 4196 Lardnerus
1065 4131 1102 4200 in

58 4210 103 4276 ab
147 4222 188 4282 ct.
217 4215 383 4285 Testimon'.
404 4216 529 4286 Jadoie.
557 4227 589 4282 et
611 4217 741 4285 setae.
763 4216 902 4302 Angliee
923 4217 1098 4305 conscript.

242 4325 243 4328 ¹
554 4316 606 4366 u3
944 4352 947 4356 ι
1050 4313 1052 4319 ’
