2678 4756
147 264 212 333 ⁴42
484 249 843 325 Auuotttuours

148 417 346 508 σριοὸοτῦροον
362 422 409 485 τὸν
425 426 524 510 κλῆρον
543 423 653 503 iulium
670 430 685 489 i
701 422 802 504 enoda,
812 424 929 508 μηδεὶς
946 429 1035 491 αὐτῶν
1052 427 1086 492 ri
1101 432 1180 516 ὑπερ·

149 502 217 591 ὄχον
235 513 284 570 τοῦ
302 509 427 588 βαθμοῦ·
450 512 643 588 &numidas
656 519 749 575 taire
764 512 874 591 δύναται
893 518 909 588 ἡ
927 512 1081 593 ἐκκλησία,
1096 515 1181 592 ituri

149 589 306 666 ὓτίοκοτος.
335 591 416 679 οὔτῇ
438 593 525 681 aplos
544 594 706 676 irari-buon
719 595 833 663 interris
847 597 1006 679 δοκιμάσαι,
1020 603 1045 662 ti
1058 604 1118 686 χρὴ
1132 606 1177 664 ιἰν-

148 683 308 763 τοςραφῆνας
320 679 353 742 ri
366 677 488 763 τίμημα,
500 679 517 759 li
529 681 580 762 μή.
613 680 678 757 ἴσας
699 687 757 770 γΑρ
777 683 932 769 εὐπρόσοδον
951 683 981 751 ir
1000 685 1035 748 τὸ
1057 684 1180 761 ἀκίνητον

147 763 361 848 περιεποιήσατο
374 770 415 850 τῷ
426 771 553 853 ἂγοραςῇ
566 766 688 833 πλείονα
699 773 747 847 τὴν
759 769 851 849 renis.
879 774 895 831 ὁ
907 769 935 832 ii
948 775 998 847 τῆς
1011 771 1041 832 ὲν
1055 774 1177 859 Καρθα-

147 846 213 998 mn
227 847 336 915 συνόδου
351 851 453 927 ιίκιςός
469 855 636 937 (τριακοςὸς)
653 852 730 929 ἕκτος
749 853 837 917 metir
851 854 993 966 ἁτρόοοδα
1005 854 1128 934 &stirme
1140 856 1181 918 ii·

205 959 230 997 ιν
249 938 415 1016 intercidor,
431 937 555 1024 ἀνάγκης
573 938 844 1021 1τικιιρο1νιις,οἰλλιὶ
856 967 904 1005 και
917 943 1093 1005 τὰτοιαῦτα
1109 945 1179 1024 μετα

148 1018 299 1098 διαςῖξιως.
343 1021 495 1088 Similiter
517 1023 716 1108 interpretati
739 1024 905 1091 Cononem
928 1038 1005 1090 sunt
1029 1026 1178 1094 Balsamo

147 1103 379 1193 Blostaresque.
420 1109 540 1197 Neque
553 1108 616 1173 alie
627 1109 740 1175 suadet
749 1109 806 1200 jus
819 1122 852 1177 et
865 1133 1007 1199 aequum.

521 1311 686 1377 CANON
713 1312 807 1377 XVI.

192 1446 228 1512 P.
247 1458 317 1511 412.
339 1444 364 1521 l.
387 1459 434 1510 15.
462 1451 516 1508 τῶν
540 1443 782 1532 itinerantium]
811 1447 1018 1533 Interpretati
1047 1459 1122 1514 sunt
1145 1449 1201 1524 S..¹

149 1530 310 1598 Martinus
332 1529 530 1596 Bracarensis
552 1531 584 1594 in
604 1529 787 1596 collectione
803 1532 962 1597 &nonum
980 1533 1178 1620 Qumndnrn

148 1617 236 1703 apud
248 1616 337 1682 Jnris
353 1617 468 1681 Canon.
485 1616 551 1681 Vet.
566 1614 717 1681 Bibliotlr.
732 1615 773 1681 ad
787 1638 820 1703 p.
832 1632 883 1682 31.
900 1620 1058 1698 Zonaras,
1071 1620 1178 1685 Balsa·

148 1724 216 1783 mo,
230 1703 464 1789 Blastnresque,
476 1700 517 1766 de
530 1700 683 1789 ζιοοφθιρῖᾳ
695 1712 837 1782 tantum3
854 1704 910 1768 sed
926 1704 1025 1769 simul
1038 1727 1111 1771 cum
1122 1705 1178 1771 ille

147 1792 197 1867 τὴν
215 1792 290 1870 μετὰ
311 1786 425 1875 ἀρρένων
442 1787 620 1874 &witot
641 1787 809 1853 Aristeuus
829 1801 862 1853 et
881 1788 948 1870 alii,
963 1790 1046 1856 sicut
1062 1803 1094 1856 et
1107 1790 1174 1856 La-

127 1868 131 1878 '
149 1875 229 1941 tinoe
247 1873 412 1952 Versiones,
427 1873 672 1960 conjunxerunt.

193 1959 276 2024 lbid.
297 1959 607 2043 ἣκα1ἇλογιιιομένων]
626 1957 681 2024 Vel
693 1958 790 2024 etiam
805 1959 838 2024 in
851 1959 1025 2029 scaleresuo
1038 1972 1178 2046 perstan-

149 2044 240 2121 tium.
263 2044 384 2111 Confer
397 2043 477 2109 Hel.
488 2045 528 2109 vi.
541 2059 587 2108 10.
603 2045 808 2124 διακονήσαντες
818 2049 874 2120 τοῖς
886 2046 978 2130 ἁγίοις
991 2048 1015 2133 ’i
1031 2050 1178 2112 διακονοῦν·

146 2157 204 2212 τις,
217 2130 353 2217 Vulgat.
369 2128 423 2218 qui
436 2128 637 2194 ministrastis
657 2129 783 2211 sanctis,
801 2141 832 2195 et
853 2132 1053 2197 ministratis.
1089 2135 1132 2198 Et
1146 2133 1179 2198 S.

147 2217 265 2283 Justin.
280 2218 332 2281 Μ.
347 2215 380 2281 ln
394 2214 530 2302 Dialogo
544 2237 620 2280 cum
636 2215 860 2304 Tryphone-tl,
875 2217 989 2298 μάλιςα
1004 2217 1056 2293 τι1ς
1075 2223 1102 2282 ἐν
1120 2221 1179 2294 ταῖς

146 2305 328 2388 συναγωγαῖς
346 2300 665 2382 καταναθεματίταντας
681 2303 703 2388 ’i
720 2303 1029 2385 καταναθερατίζοντας
1044 2304 1085 2366 ἐτ’
1101 2305 1179 2368 αὐτὸν

147 2388 262 2476 Χριςόι.
284 2390 315 2470 b.
329 2398 380 2462 47.
393 2386 444 2450 ed.
458 2386 658 2451 Benedictin.
702 2387 787 2452 Cum
802 2410 874 2451 vero
890 2389 1021 2453 omittat
1041 2390 1179 2474 particu-

146 2473 214 2539 lam
230 2473 277 2536 uei
293 2470 595 2537 cartennensem.
617 2472 749 2537 forsitan
771 2473 947 2558 suspicetur
967 2473 1098 2560 aliquis,
1119 2474 1179 2540 hoc

147 2560 342 2636 membrum,
354 2557 369 2635 ἢ
383 2557 597 2640 incremendo,
611 2558 795 2623 varietatem
809 2569 935 2622 tantum
949 2558 1100 2624 lectionis
1115 2581 1179 2624 esse

147 2666 187 2708 ex
209 2642 354 2727 margine
375 2642 550 2706 devectam.
596 2643 692 2707 Certe
714 2642 747 2707 id
768 2643 914 2709 nesciunt
933 2644 1046 2708 Prisco
1063 2646 1180 2709 Latino

151 2728 253 2795 Versio
268 2750 307 2792 ex
320 2727 516 2792 bibliotheca
526 2728 571 2791 cl.
585 2728 715 2793 Justelli
729 2727 815 2794 edita
827 2744 861 2793 et
875 2730 908 2792 S.
924 2729 1090 2794 Martinus
1104 2733 1180 2797 Bra·

146 2814 298 2891 carensis,
311 2813 368 2878 ubi
387 2836 492 2899 supra.
528 2814 760 2878 Verumtamen
779 2836 882 2900 neque
897 2813 937 2877 de
951 2814 1015 2879 hac
1030 2816 1180 2895 clausula,

148 2922 254 2988 neque
266 2899 308 2964 de
321 2898 375 2963 illa
389 2901 446 2977 ἤτοι
460 2899 655 2982 nemoralem
669 2900 702 2964 in
716 2900 848 2964 Canone
860 2898 1008 2985 proxime
1019 2914 1179 2988 sequente,

146 2986 193 3051 ita
207 3007 270 3072 ego
285 2986 378 3049 velim
393 2995 543 3049 statuere.

192 3073 227 3138 P.
240 3085 310 3136 413.
326 3071 348 3134 l.
361 3086 391 3134 5.
413 3069 589 3157 κατακόρως]
605 3069 704 3136 MSS.
718 3069 996 3136 Amerbachianus
1009 3084 1042 3136 et
1053 3072 1180 3137 AEtoni·

146 3158 230 3222 ensis
245 3179 304 3242 pro
320 3155 479 3240 κατακόρως
493 3154 607 3240 legunt
623 3154 783 3241 κακέργοις.
827 3155 891 3221 Sed
904 3157 1048 3221 Joannes
1063 3158 1178 3222 Antio·

146 3243 268 3309 chenus
282 3262 432 3307 unacum
450 3239 615 3305 Parisiensi
629 3241 828 3304 Balsamonis
845 3242 986 3306 editione
996 3242 1178 3308 Bodleianae

147 3340 265 3393 nostrae
286 3325 371 3411 (ood.
386 3327 469 3407 205.)
494 3346 638 3411 veraeque
660 3325 790 3390 lectioni
811 3327 1038 3411 suffragantur.
1084 3329 1178 3392 Juxta

146 3435 245 3500 quam
261 3415 357 3479 etiam
371 3425 461 3476 vetus
474 3410 628 3496 interpres
642 3409 713 3474 haec
727 3412 821 3475 verba
834 3412 949 3490 reddit,
963 3413 1000 3476 Si
1014 3424 1119 3477 autem
1134 3413 1177 3477 in·

147 3509 299 3567 cessanter
313 3498 355 3562 nd
367 3497 557 3581 peccandum
572 3496 810 3581 perseverarint.
854 3499 896 3560 Et
910 3498 1093 3584 Dionysius
1107 3499 1176 3563 Exi·

145 3606 231 3670 guus
250 3583 354 3662 vertit,
375 3582 465 3667 Quod
486 3581 512 3644 si
535 3578 763 3665 inexplebiliter
783 3581 830 3645 lzis
852 3581 968 3647 laesere
990 3583 1175 3648 criminibus.

145 3668 211 3744 Sed
235 3669 415 3734 Gentianus
438 3669 600 3734 Hervetus
621 3667 654 3732 in
674 3667 786 3732 codice
806 3666 932 3749 Tiliano
955 3667 1112 3755 κακέργως
1133 3670 1173 3732 le-

138 3787 141 3795 =
172 3755 232 3819 'sse
252 3754 376 3820 videtur
388 3776 398 3832 3
422 3751 516 3817 vertit
533 3751 673 3830 enimsi
695 3753 749 3837 qui
770 3763 874 3816 cutem
896 3752 1032 3838 improbe
1056 3778 1095 3819 oc
1114 3775 1175 3817 me·

160 3842 232 3927 igne
247 3839 280 3904 in
290 3838 426 3924 peccatis
435 3837 585 3924 fuerunt.
609 3839 804 3906 unverre.
844 3838 946 3903 Nulla
959 3839 1015 3903 hic
1030 3840 1173 3918 differen-

145 3928 192 3994 tia
212 3937 269 3990 aut
290 3926 323 3989 in
345 3923 414 3989 edd.
454 3945 510 3987 uas
529 3922 594 3987 vidi
617 3921 822 3988 Consiliorum
843 3924 1053 4006 Cononnmoe,
1071 3939 1128 3996 aut
1146 3924 1174 3988 iu

145 4010 233 4079 codd.
247 4009 371 4096 scriptis
386 3946 566 4074 Bodleionis
586 4006 666 4072 mihi
684 4007 834 4086 occurrit,
848 4009 904 4094 qui
919 4010 1054 4095 quidem
1071 4031 1174 4077 omnes

145 4095 306 4183 κατακόρως
324 4107 488 4181 praestant.
532 4094 639 4158 Immo
656 4093 758 4157 Tilius
777 4093 811 4157 in
835 4095 1020 4178 canonibus,
1042 4120 1126 4189 quos
1141 4117 1175 4162 ex

142 4182 257 4258 codiee
270 4204 330 4253 suo
345 4183 460 4252 Graece
474 4177 588 4277 edidit,
603 4177 688 4252 idem
703 4193 867 4269 posuerat.
