2678 4756
244 308 313 389 :164
521 334 528 341 ·
587 289 952 376 ANNorstioNss
1017 302 1063 363 .'.'

244 485 286 540 et
305 472 375 539 eliis
395 471 567 561 plerisque,
585 472 665 539 illud
688 474 815 540 obtinet
837 476 926 563 quod
948 473 1071 543 Plinius
1089 474 1206 543 libio:
1223 472 1297 541 ολ.

249 560 350 627 refert
358 582 368 636 3
390 558 478 645 quod
491 581 552 622 iton
565 558 709 625 civitates
723 571 858 640 tantum,
880 561 935 627 ted
951 560 1050 628 eiiam
1064 560 1211 629 tuatim
1220 562 1299 649 jure

252 644 316 719 dici
329 654 468 729 possunt.
491 645 653 710 Fessus.
1284 690 1288 701 ι
1330 660 1335 665 ’

298 730 332 794 Ρ.
347 729 415 793 10‘1.
434 729 460 793 l.
473 741 522 804 17.
544 729 761 817 ut-negent]
783 731 880 797 Nove
903 731 1058 823 loquendi
1082 732 1181 815 ratio,
1205 732 1297 819 eujus

248 824 491 965 taiiiiiimiuiiis
503 826 674 965 aAptiitiiiim
690 897 844 965 Dominus
858 903 946 968 Deus
958 905 1019 989 est]
1034 902 1106 969 Aut
1126 848 1213 969 eteius
1226 898 1294 967 Do·

253 1005 356 1050 mous
377 996 452 1050 tuns
467 984 558 1050 Deus
585 996 644 1049 est.
680 984 732 1048 Ita
751 983 845 1074 uouigo
867 987 1005 1053 editum.
1035 986 1102 1055 sed
1115 986 1294 1073 Augustini

254 1068 365 1148 habet,
387 1071 455 1135 Aut
477 1069 633 1135 Dominus
649 1070 737 1134 Deus
756 1080 814 1135 est.
857 1073 1005 1139 Fortasse
1024 1096 1065 1139 ex
1078 1071 1296 1171 aseendente
1316 1092 1321 1099 ·

253 1156 334 1219 noce
353 1152 442 1221 istud
465 1166 536 1220 tuus
557 1154 670 1219 vitiose
691 1167 798 1219 ortum
821 1169 882 1220 est.
925 1156 1078 1244 Curiique
1105 1157 1140 1223 in
1165 1156 1294 1223 &mi
1326 1192 1329 1199 ·

202 1258 209 1267 ‘
251 1240 330 1305 edu.
344 1239 455 1306 locum
471 1262 505 1305 se
521 1241 567 1304 ita
582 1239 755 1305 habentem
771 1239 915 1319 viderim,
930 1242 1000 1306 Aut
1019 1240 1104 1309 euim
1116 1241 1210 1305 Deus
1223 1239 1291 1325 (eiii

255 1327 345 1392 Deus
358 1337 416 1404 est,
430 1325 576 1391 voculam
591 1335 663 1388 tuus
678 1323 846 1389 delendam
864 1326 983 1412 putavi.
1131 1380 1135 1385 .
1169 1358 1184 1381 .·
1269 1348 1289 1383 ,ι

298 1411 385 1476 Ibid.
399 1412 481 1474 l.30.
496 1409 609 1492 Jader]
629 1409 813 1476 Editionem
835 1411 1068 1490 Ernsmianam,
1089 1409 1122 1475 in
1143 1431 1212 1499 que
1231 1407 1293 1496 pti-

253 1516 346 1564 tnum
368 1495 516 1559 omnium
533 1496 619 1559 Acte
640 1493 737 1581 hujus
760 1495 876 1581 synodi
897 1507 1158 1582 comparuerant,
1173 1509 1296 1575 stetere

253 1593 390 1668 excepta
402 1579 456 1643 illa
471 1579 596 1644 Baluzii
619 1579 750 1644 imitatae
772 1580 868 1645 titulo
885 1579 1073 1666 Coty'essoris
1086 1590 1118 1645 et
1134 1579 1295 1668 Mnrm

252 1665 343 1732 hunc
361 1665 550 1751 episcopum
573 1675 740 1728 auxerunt.
785 1665 856 1729 Sed.
871 1687 974 1751 neque
996 1665 1084 1743 huic,
1106 1663 1295 1752 neque-'onie

255 1773 352 1837 quam
368 1762 495 1835 patrum
519 1749 794 1835 subsequentium,
816 1749 1005 1836 hujusmodi
1027 1749 1141 1815 titulos
1160 1748 1297 1815 contum

255 1850 313 1901 aut
326 1835 533 1983 Aequumne,
553 1849 610 1899 aut
633 1832 708 1897 libri
730 1855 813 1920 quos
827 1835 972 1899 nominat
984 1834 1079 1901 initio
1094 1834 1195 1923 hujus
1209 1836 1295 1901 Con·

74 1964 79 1973 .
109 1988 113 1995 ,
250 1920 322 1985 eilii
336 1922 384 1985 Ba
399 1920 502 1985 unius.

301 2009 335 2070 Ρ.
349 2020 415 2070 102.
431 2006 492 2070 La·
510 2005 638 2090 Paulus]
658 2006 733 2069 Vox
749 2005 910 2092 Confessor
925 2005 1047 2072 nomini
1061 2004 1152 2083 huic,
1169 2016 1204 2072 et
1216 2002 1295 2073 duo*

168 2100 173 2107 '
254 2094 329 2170 bus',
351 2114 423 2180 quae
446 2091 592 2177 proxime
606 2103 795 2177 sequuntur,
811 2093 976 2177 praemissa
990 2105 1039 2157 est
1052 2092 1086 2157 in
1100 2090 1297 2157 editionibus

256 2192 332 2242 ante
347 2177 530 2242 Baluzium.
1285 2202 1293 2221 ι

302 2263 386 2326 ibid.
403 2262 443 2326 eb
459 2261 568 2347 Obba]
596 2259 713 2324 Boiis.
738 2261 826 2325 Urbs
853 2262 1072 2327 Mauritaniae.
1093 2260 1193 2327 Obba
1213 2260 1296 2327 dieu

254 2349 290 2412 in
305 2349 387 2411 Not.
400 2346 502 2410 Afric.
520 2360 553 2411 et
573 2345 682 2410 collat.
705 2345 860 2432 carthag.
878 2346 935 2411 sed
951 2347 1080 2411 codices
1092 2347 1225 2431 plurimi
1243 2346 1296 2412 iro·

257 2433 336 2496 bent
350 2431 476 2508 Bobba‚
487 2431 540 2494 cui
553 2430 804 2495 nomenclaturae
819 2432 903 2496 favet
919 2432 1049 2510 Plinius,
1060 2431 1118 2518 qui
1129 2432 1165 2497 in
1174 2430 1296 2497 Mauri·

259 2517 346 2581 tonia
361 2539 380 2579 a
396 2516 481 2580 Lixo
500 2529 550 2580 40.
569 2516 621 2580 M.
637 2518 675 2579 Ρ.
696 2516 730 2579 iu
751 2515 971 2581 mediterraneo
987 2516 1129 2605 Augusti
1151 2514 1296 2582 colonien

258 2601 399 2667 Bohiom
415 2601 565 2666 collocat.
589 2603 751 2666 Festus.
978 2644 984 2658 .
1173 2654 1176 2659 .

257 2728 263 2735 .
303 2686 388 2751 ibid.
404 2687 426 2750 i.
438 2701 487 2749 25.
504 2700 537 2751 et
549 2687 654 2771 ipsum
666 2700 813 2750 tenemus
826 2699 859 2751 et
873 2687 1072 2772 exercemus]
1089 2686 1294 2774 Antealego·

259 2774 355 2837 batur
377 2782 514 2835 tenemus
531 2783 561 2835 et
581 2793 763 2835 exercemus.
789 2772 854 2836 Sed
869 2783 1006 2837 tenemus
1025 2783 1055 2836 et
1077 2795 1144 2836 non
1166 2772 1296 2837 extetin

258 2858 372 2923 codice
386 2857 594 2942 Seguieriano
609 2877 714 2942 neque
729 2858 761 2920 in
776 2855 846 2920 aiiis
859 2860 1028 2923 veteribus.
1055 2858 1255 2945 Anonymus
1266 2856 1294 2921 in

260 2943 344 3009 libro
358 2942 399 3007 de
412 2942 651 3027 rebaptismate,
666 2963 697 3026 p.
710 2955 780 3005 354.
797 2940 983 3025 baptismate
1002 2942 1083 3029 quod
1104 2940 1233 3007 interim
1246 2943 1292 3007 is·

262 3027 392 3093 urebat.
414 3026 626 3091 Bnnnzws.
671 3024 759 3090 Cum
773 3026 926 3091 Baiuzius
940 3029 1011 3092 sine
1024 3026 1155 3104 idoneo,
1175 3026 1293 3113 opinor,

260 3135 369 3191 eausa,
383 3111 446 3176 hoe
468 3111 674 3188 eliminasset,
689 3111 903 3176 revocandum
926 3134 996 3176 esse
1017 3112 1142 3190 censui,
1160 3110 1292 3199 quodie

263 3198 355 3264 editis
370 3212 405 3263 et
419 3198 451 3262 in
464 3195 639 3285 Augustini
654 3217 785 3282 quoque
802 3196 962 3262 nonnullis
980 3196 1179 3263 editionibus
1196 3210 1290 3263 retes·

260 3302 334 3350 tum
349 3296 443 3348 esset.
1053 3328 1056 3333 -

306 3368 389 3434 Ibid.
405 3370 427 3432 l.
440 3379 491 3443 27.
514 3365 719 3450 Saturninus]
744 3365 946 3433 Praemissum
970 3377 1019 3431 est
1040 3366 1073 3431 in
1098 3365 1202 3448 libris,
1218 3382 1289 3455 qum

263 3453 428 3531 antedixi,
444 3452 537 3517 Alius
555 3451 730 3538 confessor.
762 3504 766 3511 .
1230 3504 1233 3509 .
1282 3448 1288 3509 ζ

293 3539 392 3602 ,Ibid.
407 3539 429 3601 l.
439 3551 489 3601 28.
502 3535 614 3601 illicite
625 3535 893 3619 iacientesiMihi
904 3535 1035 3621 quidem
1049 3528 1289 3621 probota'estei.

262 3622 432 3688 Marshaili
446 3620 643 3706 conjecturo,
657 3620 841 3706 reponentis
857 3618 946 3685 licito
963 3620 1130 3685 facientes.

262 3740 265 3747 1
288 3734 291 3739 ·
308 3707 391 3770 ibid.
406 3707 487 3770 ist.
512 3706 863 3771 Gentiles—summum
883 3706 993 3771 Deum
1018 3705 1101 3789 δια]
1119 3706 1200 3771 Hoc
1218 3708 1290 3771 oeni

302 3793 379 3857 obet
401 3791 500 3876 ipsius
517 3791 637 3856 enimse
658 3791 802 3877 quemvis
822 3812 888 3855 non
903 3790 1095 3858 Christiane
1117 3786 1291 3859 testimonio

264 3933 268 3939 .
293 3874 480 3955 estniiianns
494 3875 552 3941 lib.
563 3872 606 3940 de
618 3875 799 3941 Testimon.
814 3874 944 3940 Animi·
955 3876 1191 3943 Risimus.
1213 3874 1292 3941 nee

262 3981 350 4029 mum
363 3960 479 4026 Deum
501 3962 616 4028 Jovem
629 3960 792 4040 nimirum,
805 3960 864 4047 qui
878 3974 969 4046 pater
981 3960 1154 4029 hominum
1168 3960 1291 4029 etneo

260 4066 337 4115 sum
352 4046 453 4113 audit.
470 4044 639 4129 ,Festum
1179 4102 1183 4107 .
1223 4096 1228 4105 .
1329 4114 1334 4123 ¹

262 4160 280 4189 x
309 4133 343 4199 P.
358 4146 425 4198 103.
440 4132 505 4196 Lo.
527 4130 645 4212 Zama]
661 4130 749 4195 Urbs
769 4128 949 4195 Numidiae.
969 4130 1097 4195 Azanio
1113 4129 1250 4197 Ptolem.
1266 4122 1292 4193 Δ

262 4219 434 4299 Strabone,
446 4216 560 4293 Plinio,
574 4213 708 4303 aliisque
722 4229 911 4281 memorato.
946 4214 1013 4281 Hie
1027 4214 1092 4285 loci
1105 4210 1294 4305 Homini·

260 4301 416 4393 Scipione
429 4323 550 4388 magne
563 4314 672 4387 strage
687 4299 801 4369 victus.
824 4296 989 4371 Fenus.
1229 4330 1292 4369 ,,,.
