2678 4756
224 283 278 349 m
299 283 334 349 s,
358 280 485 348 amm
508 280 642 351 Anax.
663 279 960 369 FRAGMENTA.
1043 278 1108 364 ato
1220 220 1223 233 Ι

71 451 132 522 suo
149 447 399 534 Comrrro'rritiris,v
411 455 517 542 capite
529 467 580 520 42.
625 448 811 533 Cum‘vero,
825 447 865 519 rit
878 450 982 518 obiter
993 448 1030 516 id
1046 469 1106 513 nos

69 552 151 619 tem,
163 540 270 605 Julius
292 543 455 606 Romanus
474 541 644 628 episcopus
663 562 748 606 unus
766 562 806 605 ex
826 539 864 604 iis
885 537 1027 624 patribus
1049 534 1106 600 eii«

68 624 146 704 titit,
161 648 243 712 quos
264 626 441 713 adduxerat
462 627 603 713 Cyrillus
613 651 624 706 3
650 640 761 713 postea
780 649 800 689 a
817 625 955 689 Leontio
975 625 1105 711 Byzan*

67 710 139 799 tino
159 725 362 798 compertum
384 726 444 792 est,
467 714 636 799 epistolam
657 712 697 777 ad
720 709 923 776 Pr'osdociam
944 728 1011 774 non
1027 700 1107 774 Julii

67 796 149 875 esse,
164 797 221 861 sed
239 798 346 884 potius
362 799 525 863 Timothei
539 798 736 885 Apollinaris
755 797 916 884 discipuli,
931 799 966 871 ὥς
984 799 1038 874 ier,
1054 795 1105 858 iuu

66 883 140 968 quit
153 883 319 963 LeontiuS,
331 887 385 947 ἀπὸ
397 889 509 948 πολλῶν
521 885 704 972 νἰπογςάφεων
718 882 952 966 καταμανθάνειν.
968 882 1020 946 Do
1033 881 1105 946 Saea

65 967 120 1046 tn,
135 980 198 1033 act.
214 982 244 1034 8.
284 971 382 1034 Unde
404 971 524 1035 factum
547 986 607 1049 est,
631 983 668 1034 ut
689 990 709 1033 a
734 971 828 1033 Petro
853 967 1048 1032 Constantio
1070 967 1106 1032 in

64 1050 208 1118 editione
222 1054 403 1142 Pontificum
416 1052 505 1122 Rom.
521 1054 736 1145 Epistolorum
751 1067 879 1143 tautum
892 1055 925 1118 in
935 1053 1108 1140 Appendiq'·

64 1158 138 1204 cem
153 1142 382 1227 Fragmentum
397 1134 476 1208 iulii
490 1143 712 1209 transmissum
728 1141 779 1204 sit.
799 1162 830 1226 p.
841 1155 894 1205 21.
939 1139 1103 1204 Caeterum

24 1264 27 1269 Α
64 1223 163 1289 docet
178 1226 219 1290 cl.
235 1226 432 1292 Villoisonus
445 1226 609 1292 Arrecdott.
625 1240 706 1291 tom.
719 1228 752 1290 ii.
768 1247 799 1312 p.
811 1239 886 1302 247.
896 1246 937 1289 ex
952 1222 1105 1314 Cotulog'o

63 1309 144 1374 olim
159 1310 249 1377 odito
262 1310 465 1379 Bibliotheca
480 1315 512 1379 S.
523 1313 634 1378 Μαι-ον’
648 1308 791 1387 Venetus,
808 1312 962 1398 subjungi
980 1312 1012 1375 in
1027 1312 1103 1399 cod.
1135 1344 1138 1350 ·

62 1407 134 1461 504.
149 1392 310 1482 anerpto
324 1421 363 1463 ex
377 1403 470 1465 Petro
485 1399 622 1487 episcopo
636 1396 850 1463 Alexandrino
865 1409 896 1461 et
910 1407 1049 1483 martyre
1062 1412 1106 1462 co

30 1559 39 1570 ,
64 1478 141 1545 libro
157 1482 411 1570 Dra-Divinitote.
457 1488 576 1550 Utrum
597 1486 684 1572 ῥήσεις
704 1485 767 1548 illae
787 1485 910 1547 eaedem
926 1483 989 1547 sirit
1003 1497 1107 1570 atque¹

62 1565 215 1655 inm-‚0¹2
242 1571 413 1635 Morellius
437 1572 470 1636 io
494 1571 596 1636 altero
619 1571 780 1634 volumine
807 1566 1012 1634 Bibliothecae
1034 1585 1106 1634 suae-

62 1650 179 1718 Mstoe
192 1676 252 1719 uos
264 1657 417 1721 certiores
432 1657 567 1721 fortasse
582 1657 690 1720 faciet.

107 1739 142 1802 P.
153 1734 225 1805 3¹44,
241 1742 325 1827 l.¹311.
347 1742 461 1828 τέλεννν]
477 1743 529 1806 Sic
544 1741 659 1807 Concil.
671 1738 821 1826 Ephesia.
838 1741 972 1805 forsitan
987 1740 1102 1827 legen·

62 1823 144 1911 dum
167 1826 286 1901 τελείας.
337 1829 381 1892 Et
404 1828 537 1893 vertitur
562 1827 654 1891 locus
679 1849 698 1890 a
724 1841 829 1891 vetere
853 1828 973 1891 Latino'
996 1828 1101 1892 Inter-

60 1923 173 1995 prete,¹
226 1911 317 1977 rinde
337 1934 375 1978 ao
398 1915 425 1978 si
444 1913 527 1978 hanc
549 1935 660 1977 vocem
683 1912 737 1976 ille
756 1912 938 1976 invenisset.
983 1913 1100 1976 Statim

61 2006 174 2061 antee
215 2018 273 2062 ora
291 1998 367 2063 edit.
389 1998 489 2064 Loth.
508 1997 625 2063 Concil.
641 1997 748 2084 recepi
770 2002 819 2061 οὐκ
839 1996 992 2080 ἀπελείφθη
1007 1994 1102 2062 Mart

63 2080 389 2170 Sagarim-lectionem
404 2107 464 2172 pro
478 2088 508 2148 ul
523 2083 703 2168 κατελείφθη,
716 2096 752 2147 et·
768 2083 852 2147 infra
861 2081 906 2146 ad
919 2103 954 2171 p.
964 2086 1035 2148 345¹.
1051 2086 1101 2162 is*

50 2166 152 2232 ’λ’ννίτι
167 2170 360 2257 prolixias,
373 2184 407 2255 et
421 2170 584 2257 γεννώμενον
621 2192 659 2234 ro
672 2170 825 2256 γενόμενον.
921 2246 924 2253 Ι
1065 2246 1069 2251 ¹
1096 2244 1099 2249 ,

69 2278 72 2283 ·
104 2253 139 2318 P.
151 2267 221 2319 345.
236 2255 259 2320 l.
275 2271 302 2318 1.
319 2252 408 2320 Ὅθεν
429 2259 452 2344 ’l
478 2262 492 2320 ὁ
516 2260 587 2341 ι’ὒαγ
600 2259 690 2334 eureis
718 2255 794 2339 dno]
817 2255 1044 2319 Non-tantum
1066 2252 1100 2318 io

59 2338 152 2404 Actu
163 2340 283 2406 ¹Primo
299 2341 428 2406 Consilii
443 2340 596 2491 Epicurei
609 2353 696 2406 extat
712 2340 783 2404 haeo
796 2339 928 2427 quidem
928 2344 1029 2488 ἔῆσις,
1044 2337 1100 2404 sed

59 2437 95 2488 et
107 2424 140 2491 in
154 2425 232 2490 Aet.
246 2439 276 2502 7.
292 2448 312 2491 a
328 2427 468 2515 meyri]
482 2448 503 2490 o
518 2427 611 2497 Alex.
629 2427 662 2490 in
677 2425 777 2510 Apolo
801 2436 842 2490 et.
856 2439 914 2510 pro
964 2424 1101 2489 tredecim

60 2510 225 2594 Capitibus
239 2513 335 2577 allata
349 2526 408 2577 est.
429 2512 505 2578 Vid.
522 2528 601 2577 tom.
615 2512 660 2576 iii.
679 2447 802 2597 Cuncti
810 2524 926 2598 pesas.

105 2597 141 2660 P.
151 2603 222 2661 ³46.
238 2598 260 2662 l.
272 2614 303 2662 2.
325 2600 380 2662 Ἐκ
394 2604 431 2661 τῦ
445 2599 513 2686 περὶ
528 2605 575 2676 τῆς
588 2597 805 2684 Σωτῆρος-δια]
824 2598 940 2661 Graeca
955 2595 1102 2684 hujusce

59 2679 244 2767 Fragmenti
274 2683 457 2770 deprompsi
493 2706 532 2748 cx
567 2684 739 2771 exemplari
767 2683 906 2767 Leontii¹
921 2682 1099 2769 Byzantini

58 2767 196 2855 scripto,
242 2766 306 2833 uod
329 2768 525 2834 bibliotheca
549 2768 724 2834 Bodleiano
745 2775 960 2847 teuot3'nam
983 2769 1099 2851 Latine

58 2864 186 2916 tantum
205 2791 312 2919 ddhuo
336 2855 461 2920 editum
480 2868 530 2919 est
548 2855 677 2919 Leontii
701 2855 818 2919 Contra
836 2853 1099 2941 Entpodimroeet

58 2935 260 3004 lll'estoriouos
275 2962 367 3027 opus.

103 3022 188 3087 lbid.
202 3025 224 3088 l.
240 3040 271 3089 3.
296 3027 431 3109 φιλήματι
455 3025 502 3089 τὸν
524 3027 578 3090 uiir
600 3033 648 3089 τοῦ
672 3023 817 3109 ἀνθρώπου
840 3023 999 3111 παραδίδως
1009 3026 1033 3110 ;]
1060 3027 1099 3090 ln

57 3107 186 3173 leontii
219 3106 487 3198 Interpretatione
520 3111 648 3189 Latina,
675 3130 773 3196 quam
802 3122 955 3194 praestant
985 3110 1097 3174 multae

56 3194 194 3258 Pomm
214 3194 428 3278 Bibliothecae,
449 3197 549 3262 osculo
562 3195 675 3282 filium
693 3194 908 3278 Deilradt's?
932 3208 1097 3259 exaratum

56 3291 117 3357 est.
157 3274 201 3345 Et
216 3282 361 3367 codicem
377 3282 507 3370 quidem
525 3283 694 3348 Russioum
708 3279 936 3367 evangeliorum
950 3302 1097 3344 comme-

51 3376 165 3430 -morat
175 3366 217 3430 cl.
229 3368 391 3447 Matthaei,
403 3367 513 3455 in'quo
523 3381 611 3432 extat
619 3373 656 3430 νῖν
671 3371 734 3431 Θεὲ
746 3387 804 3452 pro
814 3371 852 3427 τῦ
864 3366 1006 3450 suipsius.
1031 3366 1097 3430 Sed

56 3470 133 3514 vero
148 3467 287 3531 constat,
306 3455 433 3518 Petrum
455 3475 560 3517 revera
580 3453 735 3517 invenisse
755 3458 805 3515 τοῦ
823 3451 979 3538 ἀνθρώπου,
1000 3466 1102 3539 atque

55 3535 185 3615 Latina,
200 3558 265 3602 non
280 3540 404 3618 Graeca,
419 3561 488 3602 esse
508 3551 670 3625 corrupta.
691 3582 694 3586 -
714 3537 843 3602 Etenim
865 3537 899 3601 id
919 3532 1097 3604 censebunt

55 3640 182 3699 omnes,
218 3623 252 3687 ui
271 3621 379 3688 locum
401 3625 553 3689 attentius
567 3623 849 3702 consideraverint,
863 3623 896 3686 in
911 3644 978 3710 quo
990 3645 1097 3707 veram

57 3702 182 3770 christi
195 3644 450 3795 immanitatem,
474 3710 571 3774 simul
594 3720 691 3796 atque
714 3709 881 3775 Deitatem
904 3710 986 3796 ejus,
1007 3711 1096 3774 illam
1149 3705 1152 3711 ’

55 3788 190 3877 quidem
212 3814 253 3858 ox
276 3795 451 3860 Servatoiis
473 3797 586 3875 verbis,
609 3795 691 3859 hano
713 3807 858 3874 vero,=ut
876 3797 1098 3881 ¹argumentari

55 3897 131 3942 mos
147 3878 223 3959 tuit,
238 3902 278 3945 ex
296 3881 458 3947 miraculis
472 3883 554 3970 ejus,
570 3881 616 3946 vir
628 3893 759 3945 sanctus
773 3881 909 3966 probare
924 3900 1097 3968 aggressus

55 3974 117 4028 est·
639 4004 645 4015 =
1007 3983 1009 3987 ’
1104 3992 1108 4001 ·

84 4047 186 4113 -lbid.
200 4047 223 4114 l.
240 4063 287 4126 17.
310 4052 367 4116 Ea
388 4051 497 4116 Priore
520 4051 558 4114 de
579 4049 698 4115 Animo
723 4049 879 4134 Sermone]
905 4051 983 4114 Duo
1006 4051 1095 4116 istaec

55 4133 255 4220 Fragmenta
279 4137 395 4223 operis,
422 4137 511 4225 quod
537 4137 678 4223 appellat
702 4137 753 4200 De
776 4136 895 4200 Animo
923 4136 1095 4204 Sermonem

54 4219 238 4307 Procopius
254 4223 393 4291 Gazaeus
411 4223 453 4290 in·
467 4224 636 4372 Commeakt).
654 4223 687 4288 in
712 4221 846 4288 Genesin
867 4241 938 4309 cap.
952 4234 982 4288 3.
1002 4223 1096 4287 nobis

99 4325 191 4374 vor..
208 4327 271 4374 111.
572 4328 593 4373 a
