2678 4756
169 279 404 348 ANNOTAT.
426 279 479 347 ΙΝ
500 279 688 346 DlONYS.
711 276 824 351 ROM.
848 277 979 344 FRAG.
1041 280 1100 364 185

59 460 84 494 n
100 450 217 525 pruna,
252 449 422 538 Dionysius
438 472 506 515 vero
524 451 678 523 Romanas
692 470 758 512 rem
771 447 848 520 satis
858 471 987 536 gravam
999 448 1104 530 duait,

59 545 83 580 “
99 549 136 601 nt
152 536 416 616 Alexandrinam,
434 534 523 620 prins
546 533 670 601 eoncilia
694 533 810 612 hahita,
834 557 1021 608 commanere
1041 557 1102 599 nan

62 628 89 664 rt
133 622 139 635 ⁸

106 621 305 792 ‘d‘lffEetiisethioe
332 705 417 771 illins
442 726 566 771 cansam
591 712 622 767 et
648 702 832 769 occasionem
854 704 1050 770 Athanasius
1071 705 1105 768 in

62 798 86 834 “
101 792 233 878 epistola
260 793 300 867 de
326 791 479 857 sententia
502 786 650 875 Dionysii
678 812 709 853 n.
734 803 782 854 re.
812 789 937 874 exponit
965 790 997 853 in
1024 790 1107 854 hana

63 884 87 961 ‘f
102 877 250 953 modam
275 877 361 941 Cum
383 877 561 963 Dionysius
584 873 819 945 Alexandrinus
840 889 953 942 eontra
975 875 1108 939 Sabellii

62 968 87 1002 “
103 962 254 1039 haeresim
268 961 309 1027 sd
326 964 520 1029 Ammonem
537 974 570 1024 et
586 960 830 1057 Euphranorem
852 961 960 1025 studio
976 962 1107 1046 religio-

63 1055 88 1088 “
105 1048 154 1113 nis
184 1059 350 1134 permotus
382 1048 569 1133 scripsisset,
598 1045 728 1129 quidam
757 1067 797 1110 ex
823 1045 957 1109 eeclesia
983 1047 1106 1124 fratres,

65 1140 89 1174 “
105 1156 194 1199 aanor
240 1132 345 1203 uidem
371 1132 525 1199 doctrinae
550 1129 707 1207 homines,
725 1152 797 1193 'non
819 1130 970 1200 sciscitati
996 1142 1106 1195 tamen

64 1224 89 1259 “
105 1241 182 1297 enm
209 1222 220 1303 (
259 1218 411 1305 ianysinnr
432 1217 542 1298 Alae.)
575 1238 636 1300 qua
663 1215 704 1279 de
730 1236 826 1279 causa
848 1215 895 1279 ita
917 1215 1106 1300 scripsisset,
1184 1263 1190 1274 .

66 1311 92 1385 ‘,‘·
106 1306 244 1375 Romam
261 1325 295 1369 se
310 1302 485 1381 contulere,
500 1302 659 1385 illumque
673 1300 760 1385 apud
776 1301 1008 1386 cognominem
1023 1302 1107 1365 Dio·

65 1394 90 1427 “
106 1388 235 1475 nysiurn
258 1391 437 1457 Romanum
461 1388 649 1471 episcopum
671 1400 872 1463 accusarunt,
903 1386 986 1471 qnod
1011 1385 1106 1449 niani·

67 1479 91 1531 ‘.‘
106 1495 189 1553 man,
210 1483 245 1537 nt
271 1483 302 1539 et
323 1471 517 1547 Athanasius
539 1469 613 1534 ibid.
638 1493 672 1534 n.
695 1483 725 1535 4.
753 1471 868 1554 prodit,
897 1470 929 1535 in
951 1471 1108 1554 praedicta

67 1566 91 1639 ξ’
106 1556 240 1644 epistole
258 1580 291 1633 n.
304 1570 336 1623 4.
360 1557 500 1635 dixisset,
516 1578 607 1654 'opus
628 1565 662 1619 et
683 1577 752 1619 rem
768 1557 884 1625 factam
905 1577 973 1620 esse
991 1556 1106 1621 Filium
1150 1587 1154 1595 ·

67 1650 92 1683 “
105 1643 187 1722 Dei,
205 1664 270 1709 nnn
289 1657 401 1707 natura
418 1664 594 1727 proprium,
616 1640 672 1705 scd
693 1641 832 1707 alienum
851 1664 870 1704 a
889 1642 979 1705 Patre
993 1663 1108 1706 secun-

69 1734 93 1768 “
108 1727 187 1805 dnm
204 1729 428 1806 substantiam,
443 1727 545 1813 qualis
565 1738 615 1789 est
637 1727 780 1810 agricola
797 1727 910 1805 avite,
932 1739 965 1791 et
985 1727 1073 1791 faber
1091 1750 1110 1792 a

68 1821 92 1867 ‘-‘
107 1812 246 1897 scapha:
268 1812 387 1877 etenim
410 1833 483 1877 cum
506 1812 550 1896 sit
572 1833 622 1874 res
644 1813 745 1888 iacta3
770 1835 834 1874 non
851 1825 920 1875 erat
937 1828 1109 1910 antequam

68 1905 95 1938 ‘⁶
109 1898 209 1965 fieret.
254 1898 382 1984 Quibus
398 1897 527 1975 auditis,
543 1896 646 1994 inquit
655 1895 849 1967 Athanasius
864 1920 896 1959 n.
913 1913 960 1962 13.
983 1899 1111 1984 Diony-

70 1990 93 2025 “
109 1983 187 2059 sius¹
201 1983 313 2057 Ronrae
335 1983 506 2067 episeopus
529 1982 654 2067 sempsit
673 1996 706 2045 et
725 1997 836 2045 contra
855 1982 987 2047 Sabellii
1005 1996 1110 2046 secta-

70 2075 94 2122 ‘·‘
109 2068 369 2147 tores,etcontre
384 2089 441 2131 eos
456 2068 512 2153 qui
527 2067 595 2153 ejus
610 2080 715 2130 essent
727 2067 905 2144 sententiae,
918 2069 1016 2151 (enias
1029 2067 1109 2131 Dio,

70 2160 94 2219 ‘.‘
109 2152 220 2239 nysius,
244 2152 480 2227 Alexandrinus
504 2163 635 2219 assertor
659 2152 842 2236 putabatur,
870 2155 913 2234 et)
942 2155 985 2218 ob
1011 2175 1108 2239 quam

70 2245 94 2279 “
108 2239 211 2315 Arius
225 2252 335 2323 postea
350 2241 391 2303 ab
406 2237 541 2303 ecclesia
555 2237 677 2324 ejectus
693 2251 752 2308 est.
775 2237 911 2322 Scripsit
924 2261 1055 2325 quoque
1068 2239 1113 2304 ah

70 2323 308 2411 “Dionysium
325 2321 601 2407 (Alexandrinum)
619 2323 752 2401 litteras,
771 2337 808 2387 ut
819 2324 1005 2408 explanaret
1019 2346 1056 2389 ea
1069 2324 1115 2389 de

71 2415 95 2487 ‘.‘
135 2409 231 2477 uibus
256 2409 383 2483 abillis
412 2414 423 2493 (
423 2409 586 2494 fratribus
611 2425 705 2493 snpra
727 2409 916 2492 nrenaratis)
944 2423 1112 2476 aecusatus

70 2500 94 2535 “
110 2431 230 2571 iuerat,
270 2495 321 2561 De
343 2494 451 2559 iisdem
473 2494 586 2559 litteris
608 2493 690 2558 idean
703 2493 897 2561 Athanasius
920 2493 973 2559 lib.
995 2495 1033 2560 de
1050 2497 1111 2582 sy-

72 2586 95 2620 “
109 2577 200 2657 tradit
229 2602 262 2644 n.
283 2593 334 2655 43,
365 2579 431 2653 heec
456 2580 613 2645 memoria
641 2579 878 2649 commendavit:
900 2603 977 2646 eum
1002 2596 1112 2646 autem

72 2671 95 2705 “
109 2664 244 2750 quidum¹
259 2665 300 2739 ad
316 2667 497 2731 Romanum
518 2666 706 2751 episcopum
729 2664 769 2729 de
784 2665 1006 2731 Alexandrino,
1019 2668 1113 2731 detu-

72 2757 98 2807 ’.θ’
111 2749 237 2830 lisseut,
256 2750 346 2836 quod
370 2751 486 2819 Filium
507 2773 575 2815 rem
596 2750 712 2813 factam
731 2763 764 2815 et
785 2751 868 2815 Petri
888 2774 951 2815 non
972 2753 1114 2816 consub-

72 2841 97 2913 ‘.‘
113 2835 295 2911 stantialeru
325 2836 506 2915 affirmaret,
541 2837 687 2902 Romana
715 2836 858 2922 synodus
886 2859 952 2900 rem
982 2838 1118 2938 indigne

74 2928 101 2997 ‘.‘
113 2919 212 2998 tulit3
236 2923 400 2989 Romanus
423 2934 533 2993 autem
554 2921 729 3006 episcopus,
743 2920 870 3006 seriptis
884 2922 925 2987 ad
939 2944 1135 3009 cognomi--

74 3012 97 3046 “
112 3022 189 3071 nem
212 3028 311 3081 suum
326 3006 440 3071 litteris
455 3005 599 3073 omnium
620 3009 669 3091 (ea
682 3006 720 3071 de
732 3008 777 3088 re)
796 3007 986 3073 sententiam
1002 3023 1117 3074 notam

74 3096 100 3143 t‘
113 3089 145 3155 ei
161 3090 273 3163 fecit,”
302 3093 388 3157 Haeo
403 3091 624 3159 Constantius.

120 3174 183 3247 Ille
201 3187 306 3251 aretem
322 3177 481 3264 purgandi
499 3177 547 3245 sni
569 3199 673 3254 cansa,
693 3178 800 3262 pergit
815 3178 951 3242 seribere
966 3177 1114 3243 Athana-

74 3260 155 3339 sius,
170 3263 201 3325 τὸ
220 3260 328 3341 tilenses
348 3266 414 3346 ἐπιγ
432 3263 492 3343 ipo
514 3262 625 3348 ἐλέγχει
648 3290 669 3348 h
691 3260 857 3346 hastaples,
876 3263 916 3326 de
937 3286 1005 3362 quo
1023 3263 1117 3362 plura

75 3345 266 3495 scripseram
278 3347 318 3412 ed
330 3347 400 3434 ejus
414 3290 487 3413 libri
499 3348 659 3434 reliquias,
672 3349 858 3433 priusquam
869 3370 977 3413 omma
987 3350 1116 3436 Dionys

76 3429 118 3507 sii
165 3430 225 3509 lex.
241 3434 424 3519 fragmenta
438 3434 607 3518 separatim
628 3433 716 3497 edita
735 3435 847 3501 &mae
862 3455 932 3498 esse
947 3434 1116 3499 novissem.

75 3515 145 3583 Hie
169 3529 277 3593 temen
298 3519 451 3591 adnotare
473 3520 578 3596 velim,
602 3519 681 3583 mihi
706 3519 784 3585 olim
809 3519 842 3587 ia
868 3534 991 3585 certum
1012 3519 1121 3584 visum

76 3621 148 3675 tete
171 3616 245 3687 post
266 3603 351 3673 lecta
377 3627 441 3689 non
464 3616 591 3677 tuntum
616 3604 672 3669 illo
698 3604 912 3690 apologetica,
937 3605 996 3673 sed
1019 3605 1122 3670 etism·

77 3686 192 3763 omnia
214 3688 302 3753 Dion
328 3689 418 3761 nana
445 3689 590 3776 ejusdem
619 3688 803 3774 argumenti
832 3691 960 3777 scripta,
989 3692 1118 3778 Diony-

78 3769 178 3869 sium,
207 3774 265 3858 qui
293 3712 394 3843 <inhio
446 3776 534 3839 roeul
562 3795 639 3844 cum
663 3775 803 3844 Sabellio
834 3776 890 3841 illo
923 3776 1011 3841 heud
1045 3798 1118 3842 sem

78 3868 135 3935 stt,
159 3879 257 3942 quem
280 3872 347 3934 tarn
370 3881 404 3931 ar
427 3873 517 3925 enter
543 3861 766 3946 oppugnabat,
792 3875 904 3928 contro
929 3884 949 3927 a
971 3863 1123 3948 pertibus,

77 3961 149 4017 nou
175 3942 303 4015 stetisse
322 3944 406 4023 Arii,
432 3945 552 4031 quippe
586 3965 662 4009 eum
693 3944 862 4019 Christum
886 3947 1014 4030 hauhein
1043 3950 1125 4012 Deo.

77 4025 168 4112 patri
191 4048 260 4103 esse
287 4028 320 4097 iu
346 4029 409 4101 hoe
438 4048 536 4115 opere
566 4052 626 4095 suo
650 4031 723 4116 mat
742 4031 880 4118 Ἐλέγχε
902 4034 925 4118 23,
945 4031 1119 4114 Ἀπολαγίας

79 4110 313 4192 confiteretnrt.
340 4136 398 4188 nec
421 4114 558 4201 denique
588 4116 687 4185 Paulo
715 4117 936 4197 samosateno,
959 4115 1126 4181 humiliter·

76 4207 112 4275 tl
124 4196 251 4294 ‚tinette
264 4199 302 4274 aa
319 4199 440 4273 Gtstsn
462 4200 617 4281 sentienti,
641 4203 788 4287 (eusebii
804 4203 899 4269 rerba
912 4216 988 4269 sunt
1002 4201 1059 4267 lib.
1066 4202 1118 4268 vii.

80 4282 287 4369 Hirtam-l
301 4285 428 4369 orins
447 4308 549 4376 quum
564 4286 708 4361 raum
720 4300 795 4365 um
806 4287 1121 4378 apemoeghmir,
