2678 4756
71 288 74 295 ’
144 286 210 403 351
422 285 853 357 νυιννοννννονα·
1017 308 1028 321 ν

148 455 271 521 Contra
285 456 366 521 mihi
380 455 504 522 videtur
518 457 713 524 adscititium
729 479 798 523 esse
811 457 1003 538 παθῆταααι
1013 457 1086 525 aliis
1124 481 1182 527 rre-

149 554 235 605 terea
253 543 359 607 MStis
375 542 536 628 ignotum,
550 566 654 631 neque
671 542 902 631 sejungendarn
917 556 998 631 poto
1012 567 1086 610 esse
1098 479 1182 611 lanc

147 628 335 692 sententiam
352 651 369 692 a
384 629 602 714 sequentibus,
613 631 853 711 ὔτνμιηθήταταν
867 629 914 694 καὶ
930 628 989 695 διο.

192 714 226 776 P.
236 720 307 792 339.
327 714 347 777 l.
365 719 410 777 16.
433 716 480 777 καὶ
506 716 573 800 erupi
599 716 649 800 τῦ]
676 715 777 779 Deest
800 714 984 812 praepositio
1009 713 1043 779 in
1065 713 1180 779 eodem

148 798 222 863 MS.
240 800 457 869 Gnnnnnnl.
482 800 513 864 A
530 810 661 887 quotuor
677 799 787 864 itidem
803 799 952 875 codicibus
967 799 1063 864 Bodl.
1079 801 1180 865 abest.

146 884 241 962 Mox,
256 906 330 948 curn
345 884 491 948 deessent
505 884 537 948 in
552 883 735 949 editionibus
749 885 843 949 verba
857 892 906 948 τοῦ
919 884 1039 967 φινῶδες
1054 885 1180 975 Ἡρώδου

147 967 194 1048 καὶ
206 969 304 1047 πάσης
318 975 364 1046 τῆς
378 969 549 1057 προσδοκίας
560 976 597 1034 rii
613 976 681 1050 λαέ,
693 969 764 1035 haec
777 970 1052 1036 consentientibus
1066 983 1181 1057 praeter
1195 1022 1200 1030 ·

147 1076 249 1119 unum
269 1069 338 1119 205.
358 1055 496 1120 omnibns
516 1056 624 1121 MStis
643 1054 833 1134 Bodleionis,
848 1057 1009 1157 ItJStoque
1023 1056 1136 1136 Nonii,
1150 1071 1181 1122 et

146 1150 246 1204 vetere
258 1141 497 1227 OEcolampadii
510 1139 771 1226 interpretatione,
784 1141 950 1210 contextui
959 1140 1076 1228 adjeci.
1100 1143 1180 1206 Mox

147 1243 211 1307 φησι
227 1241 301 1312 post
315 1225 466 1308 γενομένης,
485 1250 547 1291 non
570 1243 607 1292 ut
629 1228 660 1290 in
682 1227 774 1291 editis
795 1239 869 1311 post
888 1225 1017 1312 ἀγγέλου
1038 1228 1089 1291 vel
1110 1241 1180 1313 post

146 1311 249 1394 κυρίου,
269 1313 433 1390 collocavi,
457 1312 593 1377 omnibns
614 1311 792 1378 Bodleinnis
812 1312 1039 1398 obtemperans
1061 1312 1179 1389 MStis,

147 1395 410 1483 OEcolampadio,
427 1400 631 1486 Hervetoque
647 1397 765 1463 Titiani
779 1397 888 1462 codicis
903 1397 1083 1484 interpreti.

192 1485 227 1546 Ρ.
242 1496 312 1547 340.
333 1482 355 1546 l.
371 1497 400 1546 8.
426 1485 603 1569 ἀπαχθῆναι]
632 1487 716 1551 Nan.
745 1485 819 1549 MS.
846 1487 1013 1562 ἀποκτεῖναι.
1062 1485 1180 1548 'sextus

147 1565 348 1632 Act.xii.1o.
364 1572 537 1652 ἀπαχθῆναι.
555 1571 757 1635 GALLAND·
785 1567 881 1656 Vulgo
895 1571 1097 1654 ἂταγχθῆναι.
1120 1569 1179 1632 Sed

147 1655 311 1737 ἀπαχθῆναι
339 1675 378 1716 ex
408 1655 493 1718 Petri
522 1655 691 1719 Canonum
719 1677 774 1718 sex
799 1654 1019 1740 manuscriptis
1045 1653 1178 1719 restitui.

149 1738 258 1801 Habet
277 1753 386 1803 autem
407 1743 562 1824 ἐπαχθῆναι
579 1741 644 1804 cod.
662 1753 728 1804 158.
744 1753 777 1811 et
792 1744 914 1826 ἀχθῆναι
928 1740 992 1804 cod.
1006 1746 1079 1804 625.
1124 1739 1180 1803 So-

147 1821 198 1908 lns
218 1823 315 1888 habet
336 1824 398 1888 cod.
419 1824 472 1889 ille
493 1840 561 1890 205.
582 1824 749 1912 vulgatum,
765 1828 960 1922 inoffensas.
1005 1826 1092 1888 Mox
1106 1822 1178 1909 γενό-

145 1934 225 1991 μενον
239 1932 296 1994 pro
311 1908 438 1997 vulgato
454 1913 591 1996 γινόμενον
605 1934 659 1974 sen
675 1907 848 1976 Bodleiano.
901 1980 905 1987 ,

192 1995 274 2059 Ibid.
288 1996 310 2059 l.
326 2009 372 2060 14.
395 1995 535 2082 ὲξέφνγιν]
553 1998 627 2060 MS.
642 2000 728 2062 Nan.
744 1996 869 2081 ἐξέφυγε.
890 1999 954 2080 ανδ.
968 1995 1006 2061 ὧν
1021 1999 1070 2063 καὶ
1089 1997 1123 2059 ri
1133 2000 1179 2083 epi

146 2083 218 2144 αὗτὲ
241 2082 367 2165 γεννηθὲν
386 2081 500 2146 παίδων
522 2109 551 2145 κ.
564 2109 592 2146 τ.
605 2097 634 2146 λ.
653 2084 714 2148 sub
734 2083 828 2146 finem
848 2082 1002 2146 Cononis·
1048 2082 1180 2170 Reliqua

145 2165 333 2231 intermedia
356 2166 472 2244 desunt
494 2167 526 2232 in
549 2167 672 2233 codice.
717 2170 833 2254 Neque
855 2188 930 2231 sane
951 2167 1129 2232 Balsamon
1151 2183 1179 2233 et

148 2252 290 2326 Zonaras
305 2275 342 2317 ea
356 2252 472 2338 legisse
487 2252 643 2318 videntur.
667 2255 870 2319 Gnnnnno.
912 2253 965 2318 De
980 2252 1179 2319 Balsamonis

148 2337 320 2402 Zonaraeve
345 2339 483 2403 lectione
506 2361 570 2403 non
593 2352 730 2418 constat,
755 2361 859 2425 neque
884 2338 1022 2403 insolitae
1050 2339 1179 2404 suntin

147 2443 303 2487 canonum
328 2423 492 2489 codicibus
514 2424 640 2509 scriptis
661 2424 695 2502 id
718 2446 821 2510 genus
845 2425 927 2489 sacri
951 2437 1060 2490 textus
1085 2423 1178 2489 omis-

147 2507 262 2572 siones.
308 2511 344 2573 In
361 2509 469 2574 MStis
489 2531 561 2574 vero
578 2508 757 2574 Bodleionis
775 2524 872 2595 atque
892 2509 1044 2574 veteribus
1059 2508 1181 2574 Latinis

148 2591 361 2677 interpretibus
378 2596 629 2682 OEcolampadio
644 2609 677 2659 et
693 2597 834 2659 Herveto
848 2608 937 2659 totos
952 2595 1046 2658 locus
1060 2608 1155 2659 extat,

185 2680 225 2750 Ρ.
241 2693 311 2742 341.
331 2679 352 2742 l.
366 2695 395 2742 5.
423 2685 598 2766 προσκννέσι
620 2687 660 2765 τῷ
681 2680 801 2766 παιδίῳ]
823 2679 920 2766 Vulgo
941 2707 981 2743 π.
1004 2685 1037 2744 τὸ
1061 2680 1180 2744 παιδίον.

148 2763 210 2826 Sed
228 2764 318 2827 aliter
332 2766 485 2851 evangelii
500 2779 606 2830 textus
622 2779 655 2829 et
669 2777 803 2853 quotuor
819 2767 901 2829 Petri
916 2765 1009 2829 MSti
1024 2764 1121 2830 Bodl.

192 2850 273 2912 Ibid.
291 2850 312 2912 l.
326 2858 355 2914 6.
378 2852 549 2937 καιριώτατα
563 2853 584 2938 ’i
599 2852 804 2959 wpsnwdiearn
822 2852 908 2938 daiga]
926 2853 1022 2915 Hanc
1038 2873 1100 2937 pro
1116 2850 1180 2914 vrti-

145 2945 225 3022 gnta
250 2935 386 2999 lectione
412 2938 574 3022 καιριώτερα
598 2962 642 3016 και
667 2936 865 3024 πρεταιδέςεςα
886 2939 912 2999 δ.
934 2959 952 2999 e
976 2959 1031 3001 sex
1059 2936 1181 3022 scriptis

148 3020 327 3085 Bodleionis
343 3023 477 3086 restitui.
523 3024 620 3087 Porro
639 3023 719 3087 alins
739 3020 851 3101 codex,
868 3043 985 3107 nempe
1004 3020 1111 3087 Rnwl.
1131 3021 1181 3085 ille

147 3129 282 3171 numero
295 3115 363 3170 625.
379 3107 574 3192 designatus
588 3107 751 3193 narpro‘nala
765 3107 880 3187 habet;
895 3108 1054 3194 vertitque
1068 3105 1183 3171 Titiani

149 3192 259 3256 codicis
278 3194 432 3277 interpres
452 3194 622 3274 Hervetus‚
636 3193 772 3257 maxime
786 3203 955 3278 opportuno
969 3204 1000 3258 et
1014 3191 1183 3280 mognffico

147 3278 237 3356 dona,
257 3292 290 3342 et
310 3279 592 3362 OEcolampadius,
614 3276 896 3349 convenientissimo
917 3288 947 3342 et
970 3277 1183 3343 decentissima

147 3364 288 3428 donorio.
331 3365 414 3428 Mox
428 3385 486 3449 pro
501 3363 558 3426 illo
571 3366 617 3427 τὸν
631 3363 778 3450 Ἀσσύριον
793 3360 928 3443 βασιλέα,
943 3385 1017 3429 cum
1034 3363 1082 3427 ita
1096 3385 1128 3426 m
1152 3385 1182 3426 s·

146 3448 209 3556 tice
222 3450 285 3514 sive
301 3450 409 3558 typice
430 3449 553 3513 dicatur
577 3448 737 3528 Herodes,
751 3448 881 3514 exhibet
894 3448 958 3513 cod.
976 3462 1045 3513 158.
1059 3451 1183 3537 Ἡςαδηι

147 3538 355 3697 rWlliiililioefi.
377 3621 510 3706 ἠξίωσαν]
526 3623 579 3686 Sic
595 3618 731 3708 quinque
743 3618 835 3684 Bodl.
847 3641 905 3706 pro
920 3619 1000 3683 edito
1014 3619 1183 3698 ἠξιώθησαν.

190 3705 274 3769 Ibid.
292 3706 314 3769 l.
330 3721 376 3770 12.
400 3707 488 3789 ἔνθεν]
504 3708 557 3771 Sic
573 3729 626 3771 sen
643 3705 804 3769 Bodleinni
842 3727 877 3769 ro
884 3704 971 3785 ¹edito
986 3703 1060 3768 tter.

190 3790 273 3855 Ibid.
293 3791 315 3854 l.
333 3805 380 3854 18.
401 3795 447 3856 τδν
472 3793 588 3877 πατέρα
611 3797 682 3855 ariri
710 3727 862 3877 Ζαχαρδδιν
885 3789 1020 3874 ἐφόνευσε]
1051 3788 1183 3854 Caedem

147 3875 312 3945 Zachariae
325 3878 345 3941 J
347 3877 458 3941 oannis
471 3879 625 3963 Baptistae
640 3876 750 3962 patris,
766 3875 859 3962 cujus
872 3875 1001 3961 quidem
1018 3875 1066 3939 rei
1081 3874 1199 3939 histo>

145 3962 203 4040 ria,
216 3962 285 4026 'nisi
306 3984 385 4047 pura
404 3976 482 4048 puta
500 3962 610 4026 fabula
630 3976 689 4039 est,
705 3961 821 4024 fabulis
841 3975 947 4025 tamen
969 3971 1074 4030 scatet
1087 3973 1189 4045 atque.

146 4048 318 4126 erroribus,
335 4047 438 4133 iisque
454 4047 495 4110 ab
514 4047 646 4132 antiquo
665 4045 811 4132 adjectis,
834 4059 908 4109 ante
928 4044 1183 4109 Alexandrinum

146 4132 231 4197 huno
252 4133 421 4219 praesulem
440 4133 628 4196 memoravit
648 4131 900 4218 Origenesxcum
919 4129 990 4195 aliis
1007 4129 1099 4208 locis,
1113 4141 1190 4202 turn,

149 4219 317 4283 Comment.
337 4219 369 4282 in
393 4220 492 4283 Mott.
512 4233 592 4283 torn.
608 4240 639 4282 x.
654 4238 724 4303 cap.
742 4231 789 4282 18.
813 4230 846 4280 et
870 4229 950 4280 torn.
964 4215 1024 4278 xvi.
1048 4235 1121 4301 cap.
1136 4226 1185 4277 54.

141 4303 353 4393 Eandemque
374 4303 589 4399 historiolam,
609 4325 628 4367 a
645 4303 683 4368 8.
695 4302 897 4389 Hieronymo
914 4300 1031 4366 Conni.
1048 4298 1190 4378 inMat..
