2678 4756
397 260 451 326 nv
472 256 702 327 CONCILIA
724 258 960 329 carruae.
1137 261 1198 344 roy

143 430 188 515 ,ἐζ
199 440 232 507 7.
246 443 279 497 t.
300 383 377 496 inde
389 430 526 497 fortasse
546 431 728 517 suspiceris,
747 431 834 532 quod
863 430 951 497 hunc
972 429 1078 517 ipsum
1099 427 1198 493 versi·'

152 514 268 581 nulum
282 538 349 581 non
362 504 485 583 adtulit
495 516 542 583 vir
553 531 682 585 sanctus
697 520 747 583 vel
761 540 793 582 rn
807 517 864 583 lib.
878 517 923 581 iii.
940 513 1196 580 Testimoniorum
1319 527 1322 537 ’

153 600 199 665 cd
222 601 404 688 Quinum,
425 624 455 666 c.
468 613 519 678 78.
540 602 598 667 ubi
619 603 791 668 ostendere
811 603 881 668 vult
902 625 941 666 ex
962 603 997 667 S.
1020 600 1197 687 Scriptura,

153 708 227 751 cana
242 686 399 753 lroeretiois
412 708 474 753 non
488 710 551 752 esse
565 687 762 788 loquendum,
776 688 826 753 vel
840 689 873 753 in
893 687 963 753 eliis
981 686 1062 751 locis
1080 706 1197 771 quam·
1260 683 1268 706 '

152 772 377 859 plurimis,ubi
389 773 423 839 id
431 772 591 859 facturum
602 774 694 838 illum
705 775 780 862 jure
793 792 1007 860 speraremus,
1022 773 1048 836 si
1064 769 1196 858 quidem

153 856 329 959 epistolam
343 858 525 945 recepisset.
562 860 673 939 Porro,
688 874 859 947 postquam
872 860 943 924 hrec
957 859 1197 935 adnotaveram,

154 942 223 1007 ridi
244 942 309 1008 boc
329 955 516 1011 monentem
537 943 717 1044 Anglieum
739 945 945 1032 interpretem
967 944 1009 1009 cl.
1031 942 1199 1008 Marsbsl·

152 1027 239 1108 lum,
253 1030 387 1095 Joannis
403 1030 540 1116 primam
554 1031 722 1116 epistolam
744 1032 813 1095 sine
833 1030 900 1095 ulla
918 1029 1043 1097 numeri
1063 1028 1198 1093 distinc-

153 1113 247 1179 sione
267 1115 389 1202 ubique
409 1114 534 1181 laudari
555 1139 573 1180 a
596 1114 772 1202 Cypriane,
793 1128 946 1203 tanquam
972 1116 999 1181 si
1023 1112 1198 1179 secundam

154 1197 254 1264 istam
260 1200 465 1287 ignoraverit.
486 1200 613 1265 Atvero
624 1202 771 1266 similiter
784 1204 903 1266 excitet
916 1201 1004 1266 idern
1013 1199 1066 1264 ille
1079 1198 1200 1286 Cypri·

154 1304 239 1349 anus
252 1286 288 1351 S.
301 1284 570 1371 Pauli'epistolonr
592 1286 634 1350 od
649 1286 929 1353 Thessalonicenses
946 1285 1147 1372 posteriorem
1165 1284 1200 1350 in

155 1369 266 1468 Epist.
281 1394 342 1448 sua
353 1386 404 1436 55.
420 1371 463 1436 al.
473 1372 644 1450 59.'irnmo
659 1373 705 1438 sic
719 1395 850 1460 quoque
863 1374 896 1437 in
909 1367 971 1437 hoo
984 1372 1054 1458 ipso
1071 1368 1199 1454 Suffra-

153 1478 210 1543 gro
222 1457 359 1522 Joannis
381 1457 522 1521 secunda
543 1458 678 1544 epistola
695 1459 737 1523 ab
754 1458 888 1524 Aurelio
906 1457 1059 1522 adfertur.
1105 1458 1201 1521 Errat

155 1562 289 1628 quoque
310 1544 467 1629 interpres
488 1542 589 1622 idem,
611 1543 689 1607 dum
711 1544 767 1622 ait,
788 1544 1023 1610 Tertullianum
1048 1542 1082 1604 iu
1107 1544 1200 1606 Proe·

153 1627 265 1711 script.
284 1628 408 1693 Haeret.
423 1628 474 1693 bis
495 1629 716 1693 testimonium
738 1629 862 1695 dedisse
884 1628 1034 1695 secundae
1055 1626 1201 1706 Joannis,

153 1733 261 1798 quum
274 1714 309 1779 id
323 1712 476 1778 sesemel
491 1713 624 1800 quidem
639 1716 680 1779 ab
691 1737 731 1779 eo
743 1716 865 1780 factum
878 1717 931 1795 sit,
943 1734 1046 1801 neque
1057 1713 1091 1777 in
1104 1733 1199 1799 capp.

158 1811 207 1863 12.
231 1810 266 1865 et
285 1813 336 1863 33.
359 1821 432 1885 quse
455 1800 497 1863 ab
522 1799 638 1865 eodem
660 1800 842 1865 Marshallo
867 1802 1057 1888 signantur3
1095 1819 1200 1886 neque

154 1883 255 1947 etiarn
270 1884 358 1963 alibi,
373 1885 406 1948 ni
420 1884 524 1949 fallor.

193 1969 359 2033 'P.1‘06.l.
374 1985 424 2034 22.
449 1970 620 2056 Gemellis]
638 1972 726 2036 Urbs
740 1971 906 2037 Numidiae
919 1969 1078 2035 Antonin.
1097 1968 1200 2034 Colo-

156 2052 212 2119 nia
225 2054 373 2120 Romana
388 2056 450 2121 sub
470 2056 636 2121 Hadriano
654 2059 739 2144 Imp.
761 2057 913 2136 deducta,
936 2072 973 2121 ut
991 2055 1143 2141 Ligorius
1161 2075 1202 2119 ex

154 2139 230 2228 ejus
242 2163 379 2206 nummo
389 2143 496 2206 docet.
523 2144 636 2206 AEsra
653 2145 1124 2208 Hsnarsssusmssrm.
1146 2140 1202 2204 De

156 2225 225 2291 boc
243 2227 354 2292 Litteo
367 2228 494 2293 videtur
508 2222 631 2292 mentio
647 2228 758 2292 habita
773 2229 876 2316 Epist.
892 2228 978 2377 Cyp.
992 2226 1086 2291 lxxvi.
1110 2227 1203 2290 Far.-

159 2332 245 2377 eus.
291 2312 481 2398 Confessoris
507 2312 620 2378 titulus
643 2312 720 2378 huic
744 2315 897 2401 episcopo
921 2313 1067 2400 ejectus
1089 2324 1140 2376 est
1166 2310 1202 2376 in
1267 2357 1276 2365 -

157 2396 189 2461 C
237 2396 329 2477 risui,
341 2420 422 2484 quas
438 2398 515 2476 dixi,
529 2398 724 2463 editionibus.

189 2418 287 2547 ibid.
303 2484 328 2549 l.
337 2498 387 2547 24.
402 2483 596 2569 illuminare]
611 2485 717 2548 Notat
728 2486 773 2549 vir
784 2483 917 2548 doctiss.
928 2482 1089 2568 Anglicus
1101 2483 1201 2546 inter·

154 2589 244 2653 pres,
256 2571 414 2652 ἔμφατικῶς
429 2569 492 2634 hoc
506 2566 581 2651 dici,
598 2570 673 2655 quia
687 2570 867 2656 baptismus
881 2572 1022 2654 φωτισμὸς
1037 2566 1201 2633 illumino·

157 2652 202 2717 tio
218 2675 263 2717 sae
319 2653 507 2738 appelletur.

202 2738 255 2802 Ibi
280 2738 325 2803 .l.
337 2744 387 2802 26.
402 2740 445 2803 ab
460 2740 546 2820 Or'e'a]
570 2740 607 2802 In
630 2739 793 2825 provincia
813 2738 1023 2824 Tripolitana,
1047 2738 1096 2802 uti
1117 2736 1200 2804 dixi·

156 2844 254 2888 muse
277 2823 371 2888 sitam
393 2824 480 2888 illam
496 2824 595 2889 fuisse
616 2825 700 2889 inter
722 2825 803 2899 duas
825 2825 936 2910 Syrtes
952 2823 1051 2888 docet
1071 2823 1202 2902 Plinius,

155 2907 217 2972 lib.
228 2931 258 2973 v.
273 2930 345 2995 cap.
354 2921 385 2972 4.
422 2912 466 2974 Et
487 2924 595 2974 tamen
619 2910 813 2975 Ptolemaeus
837 2910 1017 2986 Sabratam,
1040 2908 1144 2973 Oeam
1166 2922 1201 2973 et

155 2995 290 3078 Leptim
304 3000 468 3079 magnam,
490 3018 563 3080 quae
580 3010 667 3061 certe
686 3008 763 3061 sunt
777 2996 919 3059 civitates
939 2993 1110 3080 provinciae
1130 2994 1203 3058 Tri·

154 3080 324 3167 politanae,
342 3081 430 3144 locat
442 3081 475 3143 in
490 3102 586 3166 parva
601 3081 706 3167 Syrte,
729 3081 895 3159 nimirum,
915 3093 953 3143 ut
971 3078 1097 3164 opinor,
1113 3077 1203 3165 quod

145 3165 325 3245 -viciniores
340 3165 404 3229 sint
418 3165 536 3229 minori
550 3187 648 3251 quam
662 3166 789 3253 majori.
820 3163 942 3229 Nescio
957 3177 1065 3227 autem
1079 3186 1119 3228 an
1135 3186 1204 3229 sion

154 3250 327 3336 Virgilius,
350 3251 407 3336 qui
421 3250 634 3349 libroquinto
648 3252 805 3316 AEneidos
820 3261 897 3336 post
909 3248 1106 3333 inhospitam
1122 3250 1203 3335 Syr·

154 3334 218 3401 tim
235 3335 325 3401 locat
339 3333 499 3400 desertam
515 3337 567 3399 srti
582 3335 761 3422 regionem,
781 3350 840 3422 per
852 3335 1011 3400 desertam
1028 3333 1080 3397 siti
1094 3334 1203 3419 regio·

155 3442 235 3485 nem
267 3420 459 3485 intellexerit
490 3420 708 3506 Tripolitanos
739 3423 860 3489 vicinos
894 3418 1066 3504 inbospitae
1101 3420 1123 3482 S
1149 3419 1201 3497 rti.

156 3504 283 3571 Civitas
300 3506 424 3572 Oeensis
441 3506 616 3592 legendum
637 3521 689 3573 est
708 3506 795 3592 apud
815 3506 1014 3570 Mattianum
1033 3442 1203 3590 Capellam

154 3591 216 3657 lib.
228 3591 269 3656 vi.
284 3614 351 3657 non
368 3590 503 3658 Oeensis.
525 3594 574 3656 Ex
587 3592 657 3656 Oea
670 3614 767 3677 porro
782 3614 918 3656 uxorem
931 3610 1007 3654 acce
1031 3590 1094 3653 isse
1104 3590 1201 3676 Apu·

155 3675 267 3741 leium¹
282 3676 381 3743 docet
401 3691 530 3743 sanctus
543 3678 750 3763 Augustinus
771 3679 804 3740 in
823 3677 962 3763 epistola
1037 3674 1204 3740 Marcelli·

155 3762 261 3842 numi
295 3777 329 3827 et
351 3763 513 3862 Apuleius
536 3762 605 3846 ipse
631 3763 742 3827 scribit
769 3785 803 3825 se
828 3763 926 3825 fuisse
951 3761 1073 3825 factum
1099 3761 1203 3826 civem

140 3846 331 3915 ocensem.
353 3848 439 3913 Vrde
455 3847 628 3933 Cujacium
643 3849 700 3912 lib.
713 3848 777 3914 viii.
794 3848 960 3912 Observat.
975 3868 1048 3933 cap.
1063 3858 1115 3923 27.
1130 3848 1202 3911 Ba-

157 3952 317 3999 suasus.

202 4016 288 4083 Ibid.
301 4018 325 4082 l.
340 4029 391 4093 27.
405 4018 618 4101 Sabratensis]
637 4019 726 4083 Urbs
738 4018 793 4082 Tri
817 4018 958 4083 olitanae.
983 4014 1117 4081 sonoro
1137 4013 1204 4077 Pli-

156 4102 225 4169 nio.
256 4104 311 4168 De
325 4104 386 4167 bac
400 4104 523 4168 mentio
542 4104 682 4169 habetur
701 4104 735 4168 in
749 4039 868 4168 Collat.
885 4101 1203 4198 Carthag3August.

156 4189 216 4257 lib.
226 4189 273 4259 iii.
286 4200 402 4257 contra
415 4189 570 4257 crescon.
586 4212 617 4257 c.
630 4204 681 4255 se.
696 4205 731 4256 et
741 4190 831 4259 Vrct.
844 4190 912 4258 Vit.
926 4190 1100 4275 Pompeius
1115 4184 1204 4256 urbis

648 4296 676 4340 Μ
691 4289 712 4341 4
