2678 4756
631 248 650 355 [
699 252 735 327 iv
783 248 801 357 l

201 452 445 517 consentanee
468 398 709 513 occidentales
734 437 907 530 ecclesiae,
930 439 1141 539 ¹speciatim
1158 436 1237 512 Αιι·

201 566 308 665 glica,
326 563 565 637 admiserunt.
600 562 706 635 Adde
725 562 822 660 quod
840 577 922 662 post
941 563 1147 636 Concilium
1165 560 1238 634 Ni-

201 713 345 761 caenum
370 699 406 759 et
429 700 513 759 ante
535 685 731 784 Augustini
760 703 922 784 tempora
947 687 984 758 in
1012 687 1088 784 ipsa
1112 685 1237 758 Africa

201 808 382 886 Catholici
409 808 624 884 Donatistus
649 801 723 885 non
750 808 1045 910 rebaptizabant3
1080 810 1238 906 anabap-

201 937 352 1011 tismum
376 937 602 1010 aCatholica
627 936 819 1039 disciplina
842 939 1000 1012 alienum
1028 936 1238 1010 damnanti-

200 1063 270 1137 bus
295 1062 434 1161 legibus
460 1061 708 1160 imperialibus
734 1044 1054 1152 aecclesiasticis,
1080 1086 1162 1158 quae
1188 1059 1235 1133 ad

199 1185 361 1262 Africam
382 1185 625 1285 pertinebant.

249 1314 367 1388 Venio
390 1340 488 1386 nunc
512 1314 556 1387 ad
581 1294 768 1413 Ancyrani
788 1313 942 1387 Concilii
962 1312 1149 1385 Cononem
1171 1309 1238 1384 de-

80 1526 84 1537 .
198 1432 336 1512 ¹ulmum
355 1437 525 1522 tertium3
553 1436 598 1509 de
615 1462 689 1535 quo
705 1437 865 1510 breviter
880 1439 1048 1526 monebo,
1067 1463 1126 1509 me
1142 1462 1238 1535 prae·
1333 1490 1337 1517 2

196 1572 256 1637 ter
281 1561 428 1634 solitum
457 1560 496 1632 in
519 1559 646 1649 eodem
676 1560 896 1660 exponendo
919 1542 1044 1635 fusiori
1071 1561 1237 1635 oratione

197 1670 306 1761 usum
330 1685 538 1776 fi1isse‚nec
559 1696 681 1758 tamen
703 1693 806 1759 extra
827 1686 922 1760 oleas
944 1698 1120 1786 vagante3
1146 1675 1236 1760 cum

199 1812 260 1886 liic
276 1811 372 1885 solus
389 1810 539 1883 fortasse
556 1834 601 1881 ex
618 1809 718 1882 omni
743 1832 915 1909 germana
939 1810 1157 1907 antiquitate
1182 1810 1235 1883 lo⁴

198 1962 263 2011 ¹cus
285 1926 506 2063 presbyteris
531 1944 747 2033 potestatem
771 1933 977 2025 ordinandi,
997 1934 1238 2033 quemadmo-

192 2062 288 2183 dum
316 2070 434 2135 canon
465 2060 634 2159 legitur
624 2086 664 2134 m
694 2037 819 2134 codice
849 2050 1011 2134 ecclesiae
1042 2060 1236 2151 Romanae5

193 2178 285 2284 ρἰτως
311 2188 470 2295 tribuat3
506 2184 569 2299 sed
600 2184 717 2257 verbis
745 2166 816 2257 illis
847 2186 987 2258 Graecis
1015 2185 1239 2259 adversanti-

195 2314 279 2402 bus,
310 2335 392 2408 quae
420 2319 458 2382 et
483 2308 569 2406 jure
598 2319 739 2408 recepta
770 2316 846 2382 es'se
876 2309 1031 2402 ostendi,
1060 2322 1097 2383 et
1128 2310 1239 2384 mini-

193 2446 258 2511 me
276 2462 380 2536 egere
398 2435 663 2534 supplemento,
681 2428 861 2543 quidquid
883 2435 990 2509 multi
1014 2435 1235 2512 timuissent.

196 2561 295 2669 Quae
325 2586 410 2634 sane
440 2559 635 2699 explicatio
659 2560 730 2633 hoc
755 2572 905 2660 praesert
907 2560 957 2632 im
983 2572 1147 2699 tempore
1171 2561 1238 2635 ali·-

193 2662 295 2793 quid
317 2690 496 2758 momenti
468 2684 659 2757 tihabere
689 2685 814 2784 possit.
877 2684 1009 2781 Neque
1038 2684 1135 2758 enim
1168 2701 1235 2778 est,

192 2800 297 2910 quod
318 2836 392 2883 non
414 2808 536 2908 pigeat
556 2836 622 2881 nos
640 2809 794 2882 recentis
813 2835 854 2882 ac
872 2809 995 2908 magni
1013 2840 1087 2910 napo
1076 2813 1236 2910 onlnem,
1311 2865 1312 2868 ,

197 2933 297 3033 quod
320 2912 425 3006 nobis
451 2922 592 3032 peperit
615 2931 817 3031 disciplinae
841 2933 1003 3030 antiquae
1030 2946 1092 3006 aut
1120 2934 1236 3032 negli-

67 3088 71 3107 ⁷
197 3061 320 3162 'gentia
333 3072 396 3134 aut
409 3061 554 3133 oblivio.
591 3061 699 3134 Certe
718 3061 815 3135 haud
833 3061 1006 3135 debuerat
1022 3063 1062 3134 in
1081 3086 1235 3135 numero

194 3199 403 3261 bostrorum
435 3184 583 3282 quidem
614 3184 842 3260 sacerdotum
873 3185 1064 3284 quisquam
1096 3186 1235 3277 haberi,

196 3320 307 3407 atque
326 3308 558 3382 ministrandi
577 3307 614 3381 in
633 3309 741 3382 sacris
759 3313 866 3383 causa
883 3309 928 3384 ad
947 3322 1085 3383 exteras
1107 3321 1233 3416 gentes

195 3414 309 3524 mitti,
333 3433 402 3506 nisi
424 3425 612 3505 ordinatus
635 3435 681 3506 ab
704 3433 887 3533 episcopo,
912 3434 1014 3530 cujus
1041 3434 1235 3508 duceretur

197 3557 451 3660 perordinem
476 3557 712 3629 successionis
736 3552 930 3655 auctoritas
951 3584 997 3632 ex
1020 3559 1142 3656 aliquo
1159 3560 1236 3660 epi-

195 3686 310 3783 'scopo
337 3683 383 3755 ab
412 3680 582 3780 apostolis
612 3682 668 3754 vel
703 3681 908 3781 apostolicis
936 3676 1021 3756 viris
1055 3684 1233 3758 ordinato.
1318 3716 1320 3720 ·

241 3956 329 4024 Vid.
342 3965 474 4023 Canones
486 3963 601 4022 AElfrlci
613 3974 683 4023 sect.
693 3965 742 4022 33.
765 3965 880 4022 Statura
894 3944 1074 4042 Synodorum
1085 3965 1150 4025 MS.
1163 3967 1233 4024 Cot-

92 4073 94 4079 ’
196 4054 286 4124 ιοιι
277 4085 306 4122 ιιι
321 4062 436 4122 Praefat.
449 4072 523 4120 teste
539 4062 688 4120 Seldeno
676 4082 707 4118 m
721 4062 777 4139 Op.
793 4061 839 4118 De
846 4050 1062 4122 Deciudsed
1088 4042 1235 4122 Statutum

197 4165 296 4243 Regni
310 4173 390 4223 vetus
404 4163 497 4243 primo
510 4160 586 4221 llliz
602 4181 626 4221 c
642 4163 667 4220 l.
682 4160 864 4240 ecclesieque
879 4161 962 4220 multi
976 4163 1166 4243 Apologistie.
