2678 4756
148 297 215 363 45⁴
255 275 432 344 assor.
446 278 498 345 or
512 277 690 347 asem
703 276 893 346 conen.
905 276 1087 344 casos

152 446 229 512 tulit
241 447 414 530 Valesius)
451 458 473 489 ‘⁴
487 449 665 515 Marcellus
682 452 877 538 Amym
894 450 1079 536 episcopus,
1098 462 1186 532 post·

151 539 174 571 ‘⁴
189 556 288 619 qoem
302 535 454 601 adversus
465 536 1184 624 anumumgmmeffioegregieqnm

150 625 173 657 ‘⁴
188 623 1009 710 narasset,abArianismgooperemgit2nn,ab
1026 619 1186 683 orientali·

150 706 1186 792 “busScbellianismonotatusanliollomnopoutifice‚et

151 792 558 859 “acoocilioSardioeusi
576 791 1186 871 ahsolutus,ri1itsdamanomiui

151 883 175 915 ‘⁴
188 884 259 952 ³76.
274 879 330 965 qui
344 894 394 943 est
407 880 622 945 Valentiniani
635 898 668 945 et
684 880 831 944 Valentis
843 902 945 944 annm
959 880 1088 964 inperii
1102 877 1185 939 deci-

150 969 176 1002 “
190 986 273 1028 mus.
298 965 456 1064 Epiphan.
477 966 591 1030 heres.
604 981 656 1030 ts.
670 982 705 1029 et
720 981 772 1041 77.
801 968 913 1052 Iapis
934 965 1102 1029 Tarsensis
1125 964 1187 1046 epi-

151 1055 174 1087 “
189 1072 307 1136 scopus
327 1066 409 1115 mter
429 1053 580 1140 egregios
602 1052 771 1116 catholica
788 1052 862 1115 fidei
877 1067 1135 1136 propugmtores
1148 1049 1185 1109 ab

151 1141 175 1174 ⁴⁴
188 1137 370 1201 Athanasio
394 1138 451 1202 lib.
471 1139 493 1202 i.
519 1152 631 1202 contra
652 1138 791 1202 Arianos
815 1153 1010 1200 rooemetur.
1053 1135 1184 1198 Basiliis

151 1228 174 1260 “
190 1223 361 1309 episcopus
378 1226 556 1288 Amasenus
575 1225 636 1287 sub
658 1224 783 1287 Licinio
803 1224 1061 1287 Christismrum
1083 1241 1185 1305 perse·

153 1314 176 1346 ‘⁴
190 1325 314 1387 cutore,
333 1331 418 1373 anno
440 1310 561 1374 Christi
580 1311 674 1373 316.”
690 1311 805 1390 (immo
827 1307 915 1372 haud
936 1325 1011 1372 aute
1030 1332 1083 1369 an.
1103 1313 1183 1383 sto)

151 1393 313 1458 “illustre
335 1397 524 1482 martyrium
547 1395 657 1459 subiit.
700 1397 811 1480 Hujus
824 1394 980 1480 praedicto
997 1394 1074 1456 loeo
1090 1392 1185 1454 Atha-

152 1486 176 1518 ⁴⁴
191 1482 296 1544 nasius
319 1504 534 1569 magnacum
555 1482 662 1568 gloria
682 1498 716 1545 et
740 1481 863 1545 honore
884 1500 1097 1566 propugnatne
1120 1477 1187 1539 fidei

152 1573 177 1605 ⁴⁴
191 1568 348 1631 meminit.
393 1568 557 1631 Eustolius
575 1567 836 1632 Nicomediensis
856 1567 1028 1652 episcopus
1043 1562 1186 1627 Anthimi

152 1659 175 1692 ⁴⁴
192 1652 276 1716 illius
297 1674 473 1730 successor,
488 1677 585 1739 quern
605 1653 755 1717 Galerius
775 1653 820 1716 ob
839 1652 962 1716 Christi
982 1651 1079 1713 fidem
1098 1671 1187 1712 neca·

152 1745 176 1778 ⁴⁴
190 1754 276 1804 verat
296 1756 395 1825 atque
417 1739 485 1824 igni
505 1739 688 1803 tradiderat.
734 1739 902 1802 Heraclius
921 1737 1110 1799 Zelenensis
1124 1757 1187 1797 ma·

153 1830 177 1865 ‘⁴
186 1823 269 1911 joris
282 1826 444 1888 Armeniae
460 1827 641 1910 episcopus.
685 1826 856 1888 Narcissus
872 1822 1066 1886 Neroniadis
1083 1837 1189 1906 postes

153 1918 176 1951 ‘⁴
190 1910 308 1974 defecit
321 1911 363 1974 ad
376 1911 526 1974 Arianos.
551 1911 706 1975 Leontius
721 1910 878 1974 Caessreae
894 1907 1113 1993 Cappadocia
1128 1907 1189 1991 epi-

153 2004 177 2036 “
191 2018 310 2083 scopus
327 2014 375 2060 est
395 1998 449 2060 ille
468 1997 614 2081 insignis,
631 1998 686 2082 qui
700 1997 826 2059 seuiem
839 1995 881 2058 ad
895 1996 1069 2058 Nicaenum
1087 1993 1189 2055 conei-

152 2091 175 2123 ⁴⁴
190 2082 285 2161 lium,
300 2084 501 2147 Nazianzum
523 2105 598 2145 cum
621 2083 824 2167 pervenisset,
842 2080 948 2144 invisit
967 2094 1003 2143 et
1021 2078 1190 2163 baptizarit

152 2176 176 2210 ⁴⁴
192 2168 389 2254 Gregorium
406 2182 526 2254 patrem
542 2169 693 2253 Gregorii
708 2166 916 2231 Nazianzeni.
949 2166 1018 2252 Qui
1034 2165 1089 2227 hic
1104 2167 1188 2227 lon·

154 2262 176 2294 ‘⁴
190 2255 286 2340 glum
308 2255 437 2331 dicitur,
460 2255 540 2316 inter
564 2255 756 2341 coryphaeos
779 2253 968 2316 orthodoxe
990 2251 1065 2313 fidei
1083 2250 1189 2313 Nicae·

152 2347 176 2381 ⁴⁴
192 2363 241 2404 nte
263 2340 305 2404 ab
327 2340 506 2404 Athanasio
527 2356 724 2418 numeratur,
746 2354 781 2403 et
801 2339 844 2402 ab
863 2337 980 2402 eodem
1004 2337 1189 2422 Ioug'mus

153 2433 177 2467 ⁴⁴
191 2428 407 2491 nominatur.¹’

199 2515 281 2577 Haec
295 2513 415 2576 Binius.
437 2515 509 2578 Nec
520 2513 629 2599 magni
641 2534 678 2575 ea
691 2510 878 2576 aestimaudn
889 2524 975 2587 sunt,
987 2531 1061 2594 quae
1074 2509 1190 2572 diverse

154 2599 195 2665 ab
219 2599 268 2662 his
292 2600 577 2684 subscriptionibus
601 2599 746 2661 nonnulli
769 2598 967 2661 tradiderunt
992 2597 1034 2658 de
1060 2617 1189 2658 numero

154 2685 327 2770 praesulum
358 2685 390 2747 in
415 2686 563 2749 concilio.
610 2685 817 2768 Conspicitur
843 2683 972 2768 quidem
1001 2683 1035 2743 in
1061 2681 1189 2744 ecclesia

155 2771 340 2836 Nativitatis
358 2771 493 2833 Domini
514 2771 600 2856 apud
618 2770 808 2834 Bethlehem
825 2786 912 2832 vetus
927 2769 1109 2852 inscriptio,
1125 2790 1189 2851 quae

157 2855 276 2922 saeculo
304 2855 471 2920 undecimo
497 2859 600 2942 posita
617 2878 685 2920 esse
705 2871 862 2929 censetur,
877 2853 1050 2916 duodecim
1069 2870 1188 2916 tautum

156 2944 325 3028 episcopos
346 2965 404 3026 pro
427 2943 620 3018 octodecim,
641 2965 697 3005 seu
718 2964 775 3026 pro
800 2940 912 3024 viginti
934 2941 1054 3022 potius,
1071 2937 1189 3025 syuodo

156 3028 232 3093 huic
253 3030 434 3114 Ancyranae
459 3029 633 3112 assignans.
679 3030 774 3092 Extat
797 3043 906 3090 autem
929 3025 984 3087 illa
1006 3027 1039 3087 iu
1062 3025 1190 3087 Joauuis

159 3113 321 3198 Ciampini
344 3115 393 3178 De
418 3114 521 3177 Sacris
535 3112 695 3197 AEdistciis
717 3136 736 3175 α
761 3112 962 3176 Constantino
984 3112 1038 3172 M.
1057 3109 1190 3172 Conditis

158 3199 290 3286 Synopsi
306 3200 475 3275 Plistonico,
489 3221 517 3261 c.
529 3201 609 3263 xxiv.
626 3222 658 3283 p.
674 3214 740 3261 153.
757 3213 829 3283 post
842 3197 1074 3260 Quaresmium
1094 3197 1124 3259 in
1138 3198 1189 3258 Pe·

157 3286 310 3373 regrinat.
322 3286 496 3370 descripta;
510 3289 549 3346 ‘H
566 3285 637 3367 ἅγια
653 3285 757 3358 noviler
772 3293 786 3359 ἡ
802 3289 828 3347 ἐν
841 3283 972 3366 Ἀγκύρᾳ
986 3288 1034 3356 τῆς
1049 3281 1189 3350 Γαλατίας

157 3379 209 3435 τῶν
226 3372 274 3450 ιβ’.
290 3372 442 3435 ἐπισκόπων
457 3374 515 3457 erpi
527 3376 574 3445 τῆς
588 3376 614 3432 ἐν
625 3369 736 3455 Νικαῖᾳ
750 3370 929 3449 οἰκουμενίκης
944 3368 1057 3429 συνόδου
1073 3367 1188 3451 γέγονεν.

160 3457 286 3537 Caetera
312 3480 385 3521 vero
412 3458 456 3520 ibi
483 3456 723 3519 mendosissime
752 3455 837 3541 typis
867 3454 1023 3537 impressa
1053 3454 1188 3516 fuerunt.

157 3542 341 3609 Duodecim
355 3565 483 3629 quoque
496 3543 647 3627 praesules
658 3541 846 3604 memoravit
857 3537 1008 3615 Libellus,
1019 3540 1073 3600 cui
1086 3538 1189 3601 titulus

160 3628 328 3715 synodicus
350 3652 369 3691 a
389 3630 512 3693 Joanne
536 3630 644 3712 Pappo
667 3627 781 3692 editus.
821 3624 997 3689 Christiani
1015 3646 1092 3686 vero
1109 3624 1189 3707 Cop

158 3716 225 3792 tici,
249 3730 284 3777 ut
306 3730 411 3778 narrat
430 3714 634 3792 Vanslebius,
650 3713 789 3776 Histoire
808 3712 845 3774 de
865 3709 1003 3796 l'Eglise
1021 3710 1190 3772 d'Aleaun·

159 3800 236 3878 (irie,
251 3814 331 3885 part.
344 3824 371 3862 v.
388 3815 464 3863 sect.
477 3814 506 3863 2.
523 3822 554 3884 p.
567 3814 636 3878 279.
653 3800 782 3884 triginta
799 3812 831 3861 et
852 3811 916 3860 tres
938 3795 1111 3882 episcopos
1130 3798 1189 3858 An·

159 3908 244 3973 cyrae
261 3886 442 3985 convenisse
456 3886 636 3970 perhibent.
674 3888 813 3950 Tantum
828 3883 910 3947 inter
925 3883 1145 3948 recensionem
1159 3899 1190 3943 ae

158 3993 374 4043 recensionem
390 3986 534 4041 interest.
