2678 4756
240 299 305 365 244
577 280 940 350 snuornnouus

242 458 268 492 “
283 451 366 532 dice,
385 464 423 517 ut
442 451 476 519 in
497 451 624 519 Velleio
651 454 832 533 Paterculo,
856 454 1017 534 Minucio,
1036 452 1200 535 Amobio,
1222 477 1284 521 usu

243 545 268 578 “
283 539 378 603 venit.
423 537 510 605 Cum
532 563 605 604 vero
627 561 740 626 parum
763 555 911 607 accurate
932 541 1112 627 descriptus
1135 554 1230 607 antes
1250 555 1287 606 et

243 631 269 665 “
284 625 467 725 recognitus
483 625 590 704 fuerit,
605 624 711 692 denuo
726 627 768 692 ad
783 627 876 692 fidem
892 629 967 693 MS.
982 625 1103 692 codicis
1119 649 1282 714 recogno·

244 717 270 752 “
284 711 328 775 vit
344 734 390 777 vrr
402 711 445 777 cl.
459 713 490 777 J.
504 712 644 778 Wslker
658 713 692 777 S.
703 714 742 778 T.
756 715 790 779 P.
805 727 837 777 et
852 712 1134 779 adnotatiunculae
1153 713 1283 800 insuper

243 797 408 863 “criticas
432 797 465 862 in
487 799 626 885 gratiam
646 798 776 864 lectoris
798 798 950 888 adjecit.'’
992 798 1282 865 Accuratissimam

240 892 352 949 autem
367 898 565 985 postremam
580 885 664 950 benc
678 886 895 951 recensionem
909 885 1006 951 fuisse
1019 884 1101 950 mihi
1113 885 1191 950 satis
1207 906 1282 971 pro-

242 970 329 1035 bavit
352 969 498 1057 ejusdem
521 972 652 1036 collatio
677 993 752 1037 cum
774 971 886 1038 codice
908 973 1020 1050 MSto,
1042 992 1141 1058 quam
1163 985 1281 1059 rogatu

241 1078 317 1122 meo
336 1057 502 1123 instituere
521 1058 675 1144 diguatus
692 1073 743 1123 est
756 1059 802 1123 vir
817 1059 859 1123 de
873 1058 977 1145 patrio
995 1078 1143 1122 sermone
1162 1057 1282 1123 literis-

241 1163 305 1230 que
326 1142 568 1208 humanioribus
590 1143 711 1243 optime
730 1145 862 1210 meritus
880 1144 1041 1209 Henricus
1056 1145 1153 1209 ioan.
1171 1143 1280 1224 Todd,

265 1228 297 1294 ui
317 1230 452 1294 Domini
470 1229 714 1316 Archieprscopi
732 1229 963 1295 bibliothecam
986 1230 1139 1295 custodit.
1183 1229 1281 1317 Ejus·

240 1251 316 1381 dem
335 1315 473 1403 denique
495 1316 538 1380 cl.
554 1315 704 1381 Walkeri
724 1317 986 1394 correctionibus,
1002 1316 1095 1404 cujus
1118 1315 1235 1392 merita
1250 1316 1281 1380 iu

236 1401 434 1467 ¹Ciceronem
456 1423 513 1488 per
531 1402 688 1466 Joannem
710 1402 878 1468 Davisium
901 1402 976 1467 satis
993 1417 1070 1467 nota
1085 1414 1175 1483 sunt,
1192 1424 1280 1490 sym-

241 1487 351 1553 bolam
366 1488 482 1553 addere
490 1510 602 1555 ¹meam
617 1489 784 1569 constitui,
800 1488 952 1553 nimirum
977 1503 1014 1553 ut
1035 1488 1158 1574 purior,
1173 1488 1202 1553 si
1218 1509 1282 1554 nou

241 1572 411 1654 defoecata,
436 1575 584 1639 evaderet
606 1573 707 1639 sancti
731 1574 881 1661 martyris
906 1575 1019 1639 oratio.
1065 1574 1229 1661 Repetivit
1249 1573 1281 1638 iu

242 1674 335 1727 tomo
348 1659 389 1724 iv.
405 1683 470 1726 suae
485 1659 688 1726 Bibliothecae
702 1663 771 1725 PP.
786 1659 976 1725 Gallandius
988 1659 1141 1726 Walkeri
1153 1673 1190 1725 et
1204 1682 1280 1761 apo-

241 1745 405 1834 graphum
417 1760 450 1811 et
465 1760 569 1826 notas,
584 1747 681 1833 inque
696 1747 854 1812 sectiones
872 1746 1065 1833 opusculum
1080 1745 1152 1832 ipse
1167 1745 1280 1812 divisit.

286 1833 321 1897 P.
336 1846 406 1897 235.
421 1832 444 1899 l.
457 1839 477 1897 6
483 1879 491 1897 .
515 1847 549 1898 et
565 1855 629 1898 una
646 1855 721 1898 cum
742 1832 851 1897 animo
874 1853 947 1896 meo
969 1832 1162 1918 conferenti]
1182 1833 1279 1898 Parti·

240 1917 349 1985 culam
362 1929 393 1984 et
409 1919 557 2007 supplere
569 1941 665 1984 ausus
680 1941 765 1984 sum.

285 2004 369 2071 Ibid.
383 2004 406 2069 l.
421 2020 450 2070 8.
472 2005 621 2070 velocitas
636 2004 766 2071 fabricae
778 2004 869 2070 istius
885 2003 955 2069 haec
965 2005 1028 2090 est]
1043 2003 1170 2068 Saltem
1185 2004 1279 2070 verbo

241 2089 352 2159 durius
374 2091 438 2156 hoc
458 2107 518 2171 est,
538 2090 626 2157 haud
646 2090 836 2156 tentandum
857 2104 976 2170 tamen,
990 2112 1064 2155 cum
1088 2102 1163 2181 tota
1180 2091 1277 2156 oratio

240 2178 353 2244 scabra
366 2178 408 2243 sit
420 2192 455 2242 et
467 2200 582 2265 parum
598 2177 722 2243 Latina.
1186 2252 1191 2260 ,

286 2260 370 2329 lbid.
386 2263 410 2329 l.
424 2282 455 2344 9.
478 2263 676 2350 conditione]
701 2263 809 2330 Gloss.
833 2265 910 2330 Vet.
934 2261 1087 2328 Condicio.
1109 2262 1275 2338 κατᾶςασις.

242 2352 319 2416 Hoc
338 2349 470 2451 quidem
489 2350 562 2416 loco
580 2371 639 2438 pro
654 2350 878 2433 creationevox
891 2349 1048 2429 adbibita,
1060 2349 1183 2436 saepius
1197 2346 1276 2437 apud

240 2436 473 2502 ecclesiasticos
488 2438 658 2523 scriptores
673 2437 749 2523 poni
764 2436 859 2501 solita
872 2450 921 2500 est
934 2457 994 2522 pro
1008 2458 1042 2499 re
1057 2446 1179 2502 creato*

288 2521 470 2587 Ibid.l.12.
494 2522 632 2608 septimo
728 2521 938 2606 consecravit]
961 2522 1037 2586 MS.
1060 2521 1192 2608 septimo
1211 2518 1274 2610 qni·

188 2606 191 2612 ’
243 2608 298 2672 lun
316 2607 450 2673 laborem
471 2607 675 2674 benedictione
697 2633 756 2675 rr:
781 2606 983 2696 consegrunit,
1004 2630 1080 2672 cum
1103 2630 1121 2672 c
1143 2628 1275 2696 superg

242 2695 375 2781 scripto.
411 2696 522 2760 Verba
539 2694 649 2782 qtcilos
664 2694 799 2759 laborem
815 2694 963 2759 transfixa
977 2706 1052 2757 sunt
1066 2693 1189 2759 lineola
1201 2718 1221 2759 a
1232 2714 1275 2758 re·

244 2781 330 2846 ocuti
349 2804 466 2859 manu3
489 2802 528 2844 ex
550 2779 691 2866 vestigiis
713 2780 878 2866 scripturae
902 2780 1014 2844 veteris
1034 2779 1080 2843 sic
1102 2780 1276 2846 restituo·-

243 2868 382 2954 septimo
397 2867 513 2965 quievit
529 2890 549 2930 a
563 2866 666 2931 labore
686 2880 720 2931 et
737 2865 958 2930 benedictione
973 2865 1186 2931 consecravit.
1228 2864 1275 2931 sie

243 2955 335 3032 infra,
359 2956 422 3018 Die
447 2953 574 3038 septimo
600 2951 751 3039 requievit
772 2950 809 3016 ab
833 2951 970 3015 ominibus
992 2950 1132 3037 operibns
1155 2951 1230 3031 suis,
1248 2959 1276 3015 et

244 3039 398 3105 benedicit
413 3061 493 3103 eum.
514 3041 756 3103 Waexnnus.
801 3039 834 3102 Si
853 3037 904 3102 hae
926 3035 983 3100 viri
1004 3035 1045 3100 cl.
1065 3038 1275 3103 correctiones

242 3127 274 3192 in
288 3139 411 3192 textum
424 3124 562 3190 debeant
570 3123 678 3211 recipi,
689 3144 752 3210 ego
764 3123 906 3210 quidem,
918 3144 992 3186 cum
1007 3122 1038 3187 in
1051 3124 1128 3188 MS.
1137 3123 1275 3211 spatium

242 3211 394 3279 relictum
415 3211 550 3276 sitente
570 3211 702 3274 verbum
719 3209 917 3288 consecravit,
932 3208 1116 3273 addendum
1140 3209 1274 3296 putarim

243 3321 325 3365 eum.
366 3297 443 3377 Sed,
465 3310 503 3362 ut
523 3319 633 3361 verum
652 3296 770 3373 dicam,
786 3296 886 3380 longe
907 3294 1054 3377 recedere
1076 3317 1096 3358 a
1117 3295 1275 3360 literarum

244 3385 346 3451 ductu
359 3405 454 3449 voces
474 3384 544 3448 istae
567 3381 724 3461 videntur,
739 3396 775 3446 ut
790 3381 899 3444 malim
915 3401 980 3466 ego
995 3380 1119 3466 quietus
1134 3403 1196 3468 pro
1211 3378 1276 3468 qni-

245 3470 300 3536 Ims
313 3492 347 3537 re
370 3491 476 3547 onere,
492 3484 525 3533 et
540 3491 596 3533 suo
610 3468 727 3532 addere
740 3479 815 3554 post
830 3465 1044 3530 benedictione.

289 3493 373 3621 Ibid.
399 3555 421 3619 l.
448 3571 496 3618 15.
527 3551 924 3640 septimam-regionum]
950 3552 1026 3616 MS.
1053 3551 1220 3639 septimam
1242 3548 1279 3616 od

246 3642 382 3708 omnium
404 3639 617 3725 septimaniam
637 3639 808 3727 regionum.
851 3640 955 3788 Lefio,
973 3638 1011 3702 de
1030 3637 1090 3704 boc
1110 3639 1280 3726 septimam

246 3728 382 3794 omnium
397 3725 640 3812 septimanarum
654 3725 807 3789 rationem
821 3724 899 3788 meti
922 3746 969 3789 or.
1007 3725 1108 3804 Infra,
1148 3725 1184 3793 ui
1198 3739 1281 3791 extre

246 3813 384 3881 ordinem
398 3811 583 3897 septimonce
596 3811 805 3898 dispositionis
816 3831 1002 3882 excessurus
1013 3825 1074 3875 est.
1143 3830 1280 3876 sensu.

291 3898 375 3964 Ibid.
387 3896 409 3963 l.
421 3912 469 3963 18.
492 3898 615 3963 virtutis
630 3899 714 3962 diem
731 3898 764 3981 in
780 3919 851 3961 eam
866 3895 1196 3994 consummationem]
1208 3896 1281 3960 For-

246 4002 331 4053 tasse
360 3983 578 4070 reponendum
608 3999 668 4061 est,
691 3983 817 4048 virtutis
842 3981 955 4046 divinae
981 3991 1281 4047 consummatum.

246 4073 360 4140 Habes
373 4070 454 4135 infra
468 4069 508 4135 ad
520 4084 635 4156 pam.
650 4071 672 4134 l.
684 4083 715 4133 4.
730 4069 951 4152 Dens-opera
965 4089 1023 4130 sua
1036 4065 1271 4132 consummavit.

290 4157 373 4223 Ibid.
388 4155 411 4221 l.
424 4172 471 4237 19.
494 4156 652 4240 conabor]
666 4154 852 4220 Gallandius
863 4154 920 4233 ait,
933 4160 956 4193 “
966 4153 1149 4219 Welke'rus
1158 4152 1283 4240 legebat

244 4251 268 4290 “
283 4265 439 4312 conamur.
460 4240 524 4310 Sed
534 4240 740 4332 precedentis
749 4237 1011 4326 metibor-prout
1019 4249 1283 4326 potino-oom-
