2678 4756
100 282 146 350 Ξ
223 299 277 380 ru
294 294 512 378 eunomus
535 286 775 377 nucinum.
796 306 853 375 nn
867 282 1078 375 urceus.
1113 274 1178 392 485

100 475 136 535 ι·
158 492 164 511 ‘
186 484 330 569 primoum
349 485 396 543 rici
413 484 455 561 pb
473 488 506 548 sir
524 483 600 543 τόποι
617 483 662 542 reis
679 480 848 560 ledrpincrse,
862 487 891 547 ὦς
906 483 928 542 di
942 479 1123 558 συλλιιτουργοῖ
1136 474 1179 540 bol

100 557 190 630 lig„
202 563 310 627 σπονδὴν
321 563 363 626 ris
378 572 410 630 sir
423 565 478 632 τοὺς
492 563 607 640 πτωχὸς
619 570 780 644 προσφὲρουσι
794 565 928 640 τιμώμενοι.
970 564 1029 622 Ubi
1044 562 1177 623 observes

126 643 252 727 j'prirno,
265 648 344 704 brine
357 664 496 703 canonem
514 665 598 703 sensu
614 645 715 704 saltem
734 665 797 703 cum
816 646 984 723 precedenti
999 642 1177 722 conjungen·

100 720 216 787 =“Qum
230 747 307 799 esse;
323 737 356 783 ut
369 747 405 784 ex
415 727 555 806 particula
569 727 593 786 di
606 736 731 793 constat,
747 730 789 800 (et
804 728 917 803 quidem
931 727 1058 783 loannes
1073 724 1180 781 Antio·

99 802 266 881 Quium,
283 808 400 868 Alexius
415 809 575 876 Aristenus,
595 818 625 865 et
644 807 801 885 Dionysius
819 808 949 883 Exiguus
967 808 1021 863 hos
1041 807 1111 862 duos
1130 822 1179 861 ca·

100 886 238 965 {nones
258 891 290 947 in
312 908 400 946 unsrm
421 889 608 961 contrahunt)
624 908 686 966 que
701 891 786 944 etiam
801 889 934 964 indigitat
949 906 1087 944 canonem
1102 887 1179 943 hune

99 970 215 1047 ffurv.
236 989 298 1027 esse
318 971 514 1047 exceptionem
537 970 678 1044 quandam
699 989 717 1026 a
736 969 924 1046 precedenti3
948 988 982 1024 ac
1002 968 1133 1047 proinde,
1147 974 1182 1022 ut

99 1036 187 1129 *ilbi
202 1051 318 1108 vicanos
339 1050 520 1127 presbyteros
541 1053 597 1107 isto
617 1069 682 1106 casu
703 1050 803 1106 offerre
823 1048 1001 1128 prohibetur,
1017 1049 1058 1104 sic
1079 1048 1181 1105 chore·

120 1130 272 1211 ¹ipius-opis
294 1132 322 1188 id
344 1131 526 1206 indulgetur,
550 1142 650 1209 utpote
674 1132 722 1206 qui
745 1132 820 1186 inter
842 1131 980 1207 ἐπιχωρίους
1006 1127 1182 1206 ωςισέυτίςονς

99 1213 207 1290 'hon
227 1212 393 1268 recensendi
414 1222 491 1281 sunt,
514 1212 634 1288 ideoque
655 1230 707 1267 nec
728 1213 802 1266 inter
825 1209 1016 1288 presbyteros.
1065 1208 1182 1267 Dicitur

99 1295 130 1334 Ι
145 1302 243 1349 autem
265 1292 611 1372 ibidem'chorepiscopos
629 1293 741 1368 quidem
760 1292 795 1348 ad
815 1301 913 1368 typum
935 1290 984 1351 70.
1007 1291 1179 1346 constitutos

115 1358 219 1449 lesse,
243 1373 294 1429 sed
316 1385 413 1429 tamen
440 1373 624 1451 συλλιιτεςγὲς,
649 1373 788 1451 episcopis
809 1374 942 1429 nimirum
967 1371 1178 1427 comministros

99 1440 125 1498 [¹
145 1470 218 1518 esse.
261 1454 308 1509 Sic
324 1455 410 1510 etiam
430 1455 460 1510 iu
479 1454 546 1530 Syn.
560 1455 697 1511 Antioch.
713 1472 775 1511 ean.
787 1453 815 1510 8.
831 1470 1013 1529 quascunque
1027 1451 1180 1515 canonicas

99 1527 283 1613 {epistolas
302 1534 370 1590 dare
392 1534 564 1612 presbyteris
583 1535 767 1612 prohibetur3
791 1534 839 1589 sed
855 1532 1066 1610 chorepiscopis
1083 1529 1183 1610 pacili-

110 1622 196 1672 ⁸eas
209 1615 365 1672 concedere
378 1617 563 1693 permittitur,
578 1635 636 1672 uon
658 1616 751 1672 minus
770 1632 855 1691 quam
876 1614 1026 1693 episcopis.
1068 1613 1111 1670 Ut
1130 1630 1184 1669 au·

99 1690 121 1744 '³
146 1702 207 1752 tem
220 1704 387 1773 praeteream
402 1696 622 1774 chorepiscopos
638 1697 771 1752 distincte
785 1715 802 1751 a
816 1695 989 1773 presbyteris
1004 1695 1089 1751 etiam
1105 1712 1185 1752 com·

99 1767 122 1827 ll
145 1777 301 1833 memorari
314 1795 332 1833 a
346 1776 463 1853 Synodo
478 1777 598 1834 Nicaena
615 1777 717 1854 prima,
732 1795 795 1834 can.
811 1776 838 1834 8.
854 1785 882 1831 et
896 1796 912 1832 a
930 1775 1046 1852 Synodo
1061 1774 1183 1831 Chalce-

98 1876 118 1915 ,τ
147 1856 269 1913 elenensi
295 1876 359 1916 can.
379 1858 407 1916 2.
431 1857 593 1915 Concilium
614 1857 810 1914 Laodicenum
834 1874 892 1912 rem
917 1866 997 1912 extra
1018 1866 1185 1912 controver-

98 1934 119 1992 ΙΨ
147 1936 220 1995 mam
235 1938 328 2014 pouit,
344 1939 374 1993 iu
390 1957 448 2014 quo
464 1939 659 2003 constituitur,
673 1956 726 1994 uon
740 1944 863 2013 oportere
873 1939 903 1993 in
916 1938 981 1993 uicis
993 1943 1021 1992 et
1033 1936 1186 2010 regionibus

98 2032 117 2074 s
147 2021 286 2094 episcopos
304 2022 441 2086 constitui,
455 2022 502 2076 sed
520 2019 687 2098 ωιςιοὲιντάς·
709 2037 753 2076 eos
770 2025 870 2083 cutem,
886 2020 932 2092 qui
949 2019 1027 2093 prius
1046 2019 1187 2074 constituti

98 2122 115 2158 a
140 2097 271 2177 sumunt,
285 2100 357 2156 nibil
369 2118 450 2174 cgere
462 2103 519 2157 sine
532 2118 656 2158 consessu
668 2102 785 2175 episcopi
798 2101 925 2164 ciui-totis,
940 2100 977 2156 ὅτι
996 2102 1022 2156 οὐ
1040 2096 1079 2155 lu*
1093 2103 1115 2159 is
1128 2103 1188 2164 ταῖς

98 2196 114 2239 fl
147 2178 242 2256 seipsas<
256 2205 278 2258 ig
293 2185 316 2238 ir
329 2187 386 2246 ταῖς
400 2180 491 2259 χῦραις
504 2179 665 2255 καθίςασθαη
681 2185 838 2246 ἰπισκόπους,
853 2178 924 2239 ἀλλὰ
944 2177 1108 2258 wagiodcvroe‘r·
1130 2177 1187 2244 rods

98 2274 112 2320 1
146 2264 229 2338 pines
242 2260 543 2337 doba‘wpsmrarablrsus
555 2261 626 2334 pullu
638 2263 749 2340 erpaldus
762 2260 818 2318 ἔην
831 2257 924 2335 walpur
936 2264 969 2317 sii
985 2259 1107 2318 intrudens
1122 2258 1188 2341 ἰιτῇ

98 2362 108 2401 r
146 2344 233 2401 σόλοι.
262 2343 330 2418 Syn.
351 2341 444 2402 Laod.
466 2361 529 2402 can.
549 2342 598 2402 57.
641 2343 716 2399 Sane
735 2345 919 2418 χωριπίσκοπος
938 2339 1011 2396 nihil
1033 2339 1109 2398 aliud
1130 2350 1186 2413 est,

98 2426 109 2505 p
149 2438 236 2503 quam
251 2427 382 2487 iselam<
397 2428 419 2481 i·
430 2425 512 2503 χώρᾳ.
553 2422 640 2484 Quod
654 2424 740 2479 etiam
753 2420 897 2498 Josephus
911 2419 1067 2501 AEgyptius
1085 2421 1115 2478 in
1134 2422 1188 2500 sy·

100 2522 107 2559 r
148 2524 222 2584 nodi
237 2522 367 2583 Nicaenae
385 2545 447 2585 can.
462 2543 534 2585 v111.
549 2524 693 2594 observat,
709 2524 805 2582 dicens
827 2520 866 2607 §l
885 2521 1076 2612 fflffll
1095 2537 1189 2617 435„-

98 2604 106 2725 ξ
148 2629 237 2719 §tm
257 2629 360 2699 „istd
381 2635 600 2710 Cborepiscopus,
620 2636 676 2692 sice
693 2636 831 2710 epiecopus
849 2638 976 2710 regionis,
990 2654 1036 2692 seu
1048 2637 1188 2705 uillarum,

98 2772 103 2783 ,
148 2735 185 2787 ut
207 2719 420 2796 distinguantur
441 2720 575 2777 nimirum
599 2717 642 2775 illi
666 2717 702 2776 ab
726 2719 879 2797 episcopis,
902 2720 951 2796 qui
973 2720 1002 2775 in
1024 2719 1187 2778 civitatibus

98 2790 102 2884 J
149 2802 374 2861 constituuntur.
397 2800 436 2858 Et
450 2799 614 2878 hujusmodi
628 2800 741 2876 quidem
753 2801 902 2878 episcopos
917 2806 938 2858 ir
948 2808 1004 2864 ταῖς
1014 2804 1106 2877 χώραις
1116 2819 1187 2858 con·

150 2881 270 2938 stitutus
283 2900 355 2947 esse,
370 2882 463 2939 dictus
479 2882 587 2958 Synodi
600 2879 773 2937 leodicense
787 2899 879 2937 canon
894 2883 1008 2956 egregie
1026 2881 1187 2950 confirmat,

149 2960 270 3028 addens,
284 2963 318 3018 iis
329 2982 389 3019 non
403 2961 489 3018 licere
502 2961 647 3039 quippiam
658 2959 753 3017 facere
766 2961 822 3017 diro
834 2961 927 3032 γιῶμης
939 2959 972 3018 τῦ
986 2965 1109 3019 iconius
1122 2967 1143 3018 ir
1156 2960 1190 3023 sii

150 3041 236 3108 ιὸλιι,
247 3045 306 3100 sine
320 3046 454 3101 sententio
467 3046 585 3118 episcwi
598 3043 644 3116 qui
655 3049 694 3098 est
707 3044 736 3098 in
749 3042 822 3098 urbe.
864 3040 949 3098 Unde
963 3042 1049 3097 etiam
1064 3042 1093 3100 S.
1104 3027 1189 3098 Basi-

149 3119 207 3181 lius
229 3123 259 3179 in
281 3123 414 3203 Epistola
432 3125 572 3181 canonica
593 3122 628 3178 ad
651 3122 890 3200 chorepiscopos,
905 3141 968 3196 quae
982 3122 1012 3178 in
1027 3123 1083 3178 hoc
1101 3140 1189 3199 opere

151 3211 199 3259 est
218 3222 311 3260 canon
331 3203 392 3282 ejus
415 3222 466 3263 xc.
487 3222 536 3260 eos
558 3202 749 3280 reprehendit,
764 3203 839 3277 quod
861 3212 962 3259 contra
980 3220 1104 3259 canones
1123 3204 1188 3281 ipso

150 3282 247 3342 inscio
260 3283 378 3342 clericos
393 3285 530 3361 quosdam
545 3284 736 3351 ordinassent,
750 3284 906 3358 statuitque
919 3301 984 3340 eum
998 3284 1028 3339 in
1042 3293 1189 3361 posterum

152 3381 208 3441 pro
227 3362 303 3422 laico
323 3364 433 3432 haberi,
448 3366 508 3422 sive
525 3364 641 3443 deponi,
658 3365 707 3440 qui
727 3364 789 3420 siue
809 3365 898 3439 ipsius
920 3364 1063 3421 sententia
1083 3366 1113 3421 in
1134 3365 1194 3422 mi··

153 3443 305 3502 nitterium
320 3446 458 3503 admissus
472 3445 570 3511 fuerit,
584 3445 710 3516 γιιύσκιτι
731 3444 768 3500 b'rs
787 3444 872 3509 λαϊιιὲς
892 3443 946 3518 inq
967 3450 980 3502 ὃ
999 3441 1054 3500 duc
1072 3445 1190 3525 ἧμιτῖραι

152 3525 247 3597 γνώμης
267 3531 300 3588 uie
318 3531 448 3603 ὑπηρεσίαι
463 3523 646 3603 aspipite.
687 3524 842 3588 Enimvero
856 3543 920 3581 cum
935 3525 1062 3602 episcopi
1075 3527 1106 3581 in
1120 3526 1189 3582 civi·

154 3604 264 3662 tatibus
279 3605 370 3663 solum
386 3607 544 3683 antiquitus
557 3606 682 3663 ordinati
695 3605 803 3660 fuerint
816 3629 825 3675 3
848 3605 953 3680 quaevis
969 3617 1064 3661 autem
1077 3608 1189 3676 civitas,

149 3683 238 3765 juxta
251 3685 419 3745 laterculum
435 3687 561 3765 Imperii,
577 3685 671 3763 ampla
684 3704 759 3763 saepe
772 3687 916 3743 territoria
935 3684 989 3741 sibi
1012 3705 1124 3745 annexa
1135 3688 1190 3745 ha-

153 3767 261 3834 buerit,
276 3787 339 3843 quae
354 3778 418 3825 tota
430 3786 581 3846 peragrare
596 3777 625 3823 et
638 3765 736 3823 debita
750 3785 818 3822 cura
833 3766 1030 3824 administrare
1049 3769 1098 3823 uni
1120 3769 1192 3824 civi-

154 3847 226 3906 tatis
239 3848 376 3925 episcopo
389 3848 466 3905 haud
480 3846 616 3925 possibile
628 3846 698 3913 fuit,
707 3865 817 3903 summe
829 3849 919 3904 visum
934 3858 978 3904 est
990 3849 1192 3917 necessarium,

153 3929 258 4004 utqui
278 3929 442 4006 hujusmodi
464 3927 591 3995 urbibus,
614 3936 643 3983 et
662 3926 828 4001 regionibus
852 3927 888 3983 ad
910 3945 957 3983 eas
981 3927 1189 4006 pertinentibus
1279 3982 1284 3993 ,

154 4022 298 4087 praeeraut
316 4010 454 4089 episcopi,
469 4008 665 4086 coadjutorem
686 4027 774 4064 unum
795 4007 839 4063 vel
858 4007 963 4084 plures,
982 4019 1069 4086 prout
1089 4008 1191 4083 ampli·

156 4088 228 4147 tudo
242 4091 424 4168 episcopatus
437 4088 614 4168 postulabat,
629 4089 659 4144 in
672 4089 791 4162 regione
804 4088 901 4164 aliqua
918 4098 999 4144 extra
1021 4089 1118 4144 urbem
1138 4090 1191 4145 ha·

155 4169 270 4243 herent,
284 4182 317 4238 ut
330 4171 426 4247 aliqua
438 4169 540 4235 saltem
558 4168 727 4247 episcopalis
746 4168 903 4244 functionis
924 4179 1005 4246 parte
1021 4168 1191 4231 levarentur.

156 4244 225 4322 Hoc
246 4254 343 4311 autem
363 4250 425 4322 fieri
442 4269 502 4311 non
523 4250 629 4333 potuit,
644 4249 700 4305 nisi
720 4247 821 4326 aliquis
841 4257 1022 4308 consecratus
1041 4250 1191 4333 episcopus

639 4329 706 4398 sis
