2678 4756
327 250 380 343 r'u
402 277 436 342 s.
457 232 674 343 conuersi
695 274 992 341 rnacunurn.
1131 278 1171 346 σι

139 446 381 535 communionis
395 458 554 511 exsortem
572 446 659 525 fecit,
675 467 739 512 non
754 458 912 532 potestate
925 458 1022 532 atque
1035 447 1173 510 auctori·

145 545 214 597 tate
231 531 364 619 judicis,
388 531 444 597 sed
466 554 505 597 ca
526 533 676 596 cautione
697 553 761 616 qua
782 532 898 618 cuique
921 531 1004 595 fideli
1026 530 1074 595 uti
1096 530 1172 596 licet

144 638 225 702 erga
244 620 312 696 eos,
329 640 466 703 quorum
491 617 576 681 fides·
590 638 734 702 perversa
753 615 880 765 virique
901 616 1050 702 pestilens
1070 616 1172 681 mani·

142 702 228 767 feste
253 702 293 767 de
316 701 509 767 rehenditur.
537 702 758 766 Cousraur.
837 701 971 766 citatiori
993 701 1090 766 modo
1116 722 1175 765 no·

144 809 222 851 uren
236 725 385 852 scribitur
397 793 521 864 Μωυσῆς
535 788 567 851 in
585 788 661 851 MS.
674 784 814 871 Norfolc.

189 875 225 939 P·
240 887 286 936 15.
300 873 326 935 l.
338 879 385 935 16.
407 873 581 950 ἀκοινώνητον
601 872 721 955 insinuo]
746 871 918 936 Musculus
939 870 1033 935 vertit
1053 894 1172 936 excom·

143 956 327 1023 manicavit.
379 957 691 1055 Christopborsonus
714 978 789 1020 vero
803 956 953 1043 fidelium
976 956 1119 1021 societate
1143 968 1172 1023 et

143 1042 353 1107 communione
369 1042 543 1121 interdicent,
558 1042 646 1128 quod
661 1041 745 1105 idem
760 1056 818 1106 est.
855 1044 927 1127 Ego
941 1064 1014 1107 vero
1029 1042 1111 1105 hanc
1126 1043 1174 1108 in·
1233 1116 1236 1123 .

145 1127 408 1212 terpretationem
430 1129 564 1215 probare
578 1150 640 1191 non
657 1149 799 1212 possum.
843 1129 959 1213 Neque
973 1127 1058 1191 enim
1073 1129 1175 1216 Moy·

142 1232 197 1277 ses
209 1212 378 1299 presbyter
387 1211 441 1299 jus
457 1213 569 1277 habuit
582 1211 878 1277 excommunicandi
895 1212 1095 1299 presbyteros
1106 1213 1173 1281 col·

141 1297 236 1382 legas
251 1320 344 1361 suos:
368 1298 424 1362 sed
439 1297 527 1384 quod
541 1321 640 1362 unum
655 1297 773 1382 potuit,
784 1319 818 1361 se
831 1319 852 1360 a
863 1298 1088 1362 communione
1100 1298 1174 1362 illo-

143 1404 216 1447 rum
239 1384 414 1469 separavit3
437 1406 512 1447 cum
533 1382 654 1448 scilicet
672 1382 720 1446 illi
736 1381 862 1446 videndi
882 1381 953 1468 ejus
972 1385 1067 1448 causa
1086 1382 1171 1446 veui-

143 1483 216 1531 rent
237 1467 269 1531 in
291 1490 461 1533 carcerem.
505 1468 616 1531 Solent
634 1489 730 1553 porro
744 1467 866 1553 antiqui
880 1466 1049 1552 scriptores
1062 1467 1108 1533 ita
1120 1468 1172 1532 lo·
1273 1476 1276 1481 '

143 1553 201 1650 qui
217 1553 259 1617 de
273 1553 491 1618 sacerdotibus
511 1553 566 1638 qui
585 1553 627 1617 ab
646 1552 780 1616 aliomm
796 1551 1086 1617 communicatione
1099 1555 1172 1618 abs·

146 1650 261 1716 tinent,
275 1639 365 1724 quasi
378 1640 438 1725 ipsi
454 1660 509 1702 cos
531 1660 551 1701 a
571 1636 798 1702 communione
817 1659 876 1701 sua
893 1652 1049 1723 separent.
1093 1641 1174 1704 Pau·

145 1721 230 1787 linus
245 1723 411 1820 presbyter
423 1724 456 1788 in
470 1723 533 1787 vita
549 1724 586 1786 B.
598 1721 773 1787 Ambrosii.
796 1723 901 1808 Ipsum
912 1744 980 1787 vero
991 1723 1173 1788 Maximum

146 1830 167 1873 a
194 1807 416 1873 communionis
443 1807 589 1873 consortio
615 1806 801 1894 segregavit,
828 1806 992 1872 admonens
1019 1819 1054 1872 nt
1083 1807 1174 1893 efflui

143 1892 307 1979 sanguinis
331 1894 460 1958 Domini
484 1893 660 1980 stringeret
685 1891 912 1976 poenitentiam.
962 1892 1028 1992 Qui
1053 1895 1174 1959 Paulini

145 1977 237 2041 locus
258 1976 304 2041 ita
323 1979 421 2042 intelli
446 1979 547 2044 endus
566 1995 615 2043 est
629 1991 666 2041 ut
680 1977 756 2041 dixi.
799 1978 917 2063 Neque
930 1999 1016 2042 emm
1030 1979 1172 2044 Ambro-

146 2063 212 2127 sius
226 2063 407 2128 Maximum
422 2001 659 2150 imperatorem
679 2084 699 2125 a
718 2061 946 2126 communione
959 2063 1059 2128 totius
1071 2063 1173 2129 eccle·

146 2148 202 2211 sire
222 2145 371 2233 sejunxit,
390 2171 463 2215 cum
486 2148 609 2213 nullum
627 2147 683 2234 jus
704 2147 736 2211 in
757 2167 831 2211 eum
854 2146 1006 2212 haberet:
1028 2148 1085 2214 sed
1102 2163 1173 2214 tan-

148 2244 216 2297 tum
239 2254 259 2295 a
280 2233 417 2298 Maximi
435 2248 468 2298 et
489 2234 714 2320 episcoporum
734 2230 805 2318 ejus
826 2232 1053 2297 communione
1073 2235 1174 2299 absti-

147 2319 228 2396 nuit,
243 2331 279 2381 ut
295 2317 367 2402 ipse
388 2332 523 2383 testatur
544 2318 578 2384 in
599 2317 751 2382 relatione
771 2339 829 2382 sua
848 2315 890 2380 ad
904 2317 1172 2384 Valentinianum.

145 2402 232 2467 Vide
246 2426 319 2489 quse
333 2424 429 2488 supra
443 2403 603 2471 notavi.de
618 2404 736 2488 privata
754 2400 982 2467 communione
996 2416 1029 2467 et
1042 2426 1172 2469 excom·

102 2518 105 2526 ·
146 2488 374 2553 municatione.
404 2488 556 2554 Ceterum
571 2487 661 2589 quod
674 2488 726 2553 hic
741 2487 852 2553 scribit
867 2485 1033 2553 Cornelius
1048 2487 1089 2553 de
1101 2490 1174 2556 No·

146 2572 273 2637 vatiauo
289 2573 415 2660 Moysis
429 2574 615 2673 praejudicro
629 2573 855 2652 condemnato,
864 2572 900 2637 id
912 2594 933 2636 a
945 2575 1063 2660 Moyse
1077 2576 1174 2661 paulo

145 2672 222 2723 ante
248 2659 374 2723 obitum
398 2658 479 2723 mrhi
500 2660 622 2724 factum
643 2658 778 2723 videtur.
821 2660 907 2723 Nam
929 2657 1021 2722 initio
1043 2661 1174 2746 quidem

145 2744 284 2829 Moyses
295 2744 460 2808 confessor
474 2766 547 2808 cum
562 2743 742 2809 Novatiano
756 2742 1025 2808 communicabat.
1046 2747 1173 2810 Etcum

145 2828 250 2893 clerus
278 2829 441 2894 Romanus
462 2829 629 2929 epistolam
655 2827 744 2894 illam
766 2828 807 2892 ad
831 2827 1026 2915 Cyprianum
1049 2828 1175 2916 scripsit

144 2934 222 2998 quse
236 2913 317 2977 inter
332 2912 487 3000 Cypriam
500 2914 651 3000 epistolas
669 2913 772 2999 prima
792 2936 828 2977 ac
850 2913 1008 2979 tricesim
1027 2937 1173 3001 numera-

148 3011 213 3076 tur,
227 2996 334 3062 adhuc
349 3000 485 3085 Moyses
498 3020 608 3085 pacem
624 3019 699 3063 cum
713 3000 895 3063 Novatiano
909 2999 1063 3064 servabat.
1089 3000 1172 3064 'Am-

139 3081 191 3171 ‚bo
212 3083 297 3147 enim
319 3083 366 3147 illi
386 3082 531 3183 epistolae
552 3083 816 3168 subscripserunt.
860 3082 1045 3170 Quinetiam
1066 3086 1174 3151 Nova·

148 3167 253 3231 tianus
276 3167 342 3252 ipse
369 3168 538 3254 epistolam
566 3191 638 3232 eam
667 3182 903 3253 composuerat,
928 3167 1011 3232 sicut
1040 3181 1173 3236 testatur

147 3250 330 3338 Cyprianus
342 3253 375 3316 in
389 3254 533 3340 Epistola
545 3253 587 3317 ad
600 3252 832 3338 Antonianum.
865 3253 915 3315 Ex
929 3274 992 3337 qua
1005 3252 1171 3338 ingenium

147 3348 180 3401 et
202 3337 418 3422 eloquentiam
444 3338 614 3403 Novatiani
639 3337 741 3402 obiter
767 3336 843 3401 licet
866 3357 1070 3434 cognoscere.
1114 3342 1173 3409 Est

148 3421 234 3485 enim
246 3421 382 3506 epistola
395 3422 461 3501 illa,
478 3436 516 3487 ut
528 3422 694 3487 fatendum
708 3435 769 3500 est,
783 3421 1026 3507 elegantissima.
1047 3422 1172 3511 Scripta

147 3520 196 3571 cst
208 3521 329 3584 autem,
344 3528 418 3571 cum
436 3507 504 3594 jam
528 3509 588 3572 Mo
613 3529 664 3571 ses
681 3529 799 3571 annum
821 3506 854 3569 in
873 3526 998 3570 carcere
1017 3508 1174 3594 exegisset

146 3591 235 3677 quod
251 3613 290 3655 ex
306 3591 459 3678 Cypriani
476 3531 628 3677 Epistolis
642 3591 683 3656 ad
697 3592 852 3679 Moysem
866 3590 953 3678 prius
967 3591 1049 3657 datis
1063 3611 1171 3680 aperte

146 3675 323 3761 colligitur.
344 3678 551 3743 Vasasrus.
982 3724 985 3729 -
1167 3688 1170 3704 '

189 3762 225 3825 P.
242 3767 291 3827 16.
312 3760 335 3824 l.
352 3777 378 3824 1.
404 3763 456 3825 σὺν
475 3766 530 3835 τοῖς
551 3760 636 3825 πέντε
658 3758 867 3848 asperiorique]
893 3761 1032 3848 Quinam
1055 3763 1172 3831 fuerint

146 3844 289 3932 quinque
308 3845 354 3909 illi
374 3846 554 3945 presbyteri
573 3847 720 3932 quicum
740 3846 920 3910 Novatiano
937 3846 1075 3913 schisma
1087 3850 1170 3914 fece·

145 3943 229 4008 rant,
243 3930 324 3994 milri
337 3930 466 4017 qmdem
489 3931 722 4016 incompertum
744 3945 804 3995 est.
846 3932 963 4016 Neque
985 3933 1070 3997 enim
1090 3949 1169 4020 puto

145 4024 219 4083 ecio
233 4015 415 4081 Maximum
428 4016 648 4101 presbyterum
664 4028 698 4081 et
711 4013 937 4092 confessorem,
970 4016 1003 4081 ui
1017 4020 1168 4083 cumUr·

145 4098 400 4176 bsuo‚·Sidonio
421 4121 459 4164 ac
484 4101 669 4165 Nicostrato
689 4121 727 4163 ac
747 4099 875 4185 reliquis
896 4122 959 4173 con
992 4102 1131 4166 osoribus
1151 4126 1171 4167 a

143 4182 332 4271 Noyatiano
343 4183 510 4271 deceptus,
523 4183 592 4269 ejus
607 4196 712 4271 partes
725 4183 909 4271 aliquandiu
922 4184 1010 4250 fovit.
1042 4185 1170 4273 Quippe
