2678 4756
326 288 910 370 e·onc1a.canrnao..²n
1097 310 1139 381 u

85 473 162 563 fuit
177 496 233 562 qur
225 472 429 565 inquireret,
443 493 542 567 neque
555 470 610 561 qui
624 480 788 536 reuocaret.
821 471 1030 590 Proptereq
1006 464 1073 531 lrcec
1088 464 1139 530 di·
1222 526 1226 543 ,

99 585 142 650 cit
165 572 344 650 Ds'ntt'nss:
357 570 454 648 Ecce
475 603 530 669 ego
552 596 643 666 ιιιριτ
662 580 812 673 pastores,
836 588 868 643 et
888 574 1047 665 requireri
1070 597 1156 653 oves

97 717 183 759 meas
197 695 235 758 de
247 690 390 757 monibus
402 713 519 770 eorum,
533 701 564 755 st
578 698 716 754 avertam
729 712 778 753 ess
792 699 829 752 ut
847 711 907 752 asa
923 697 1056 772 poscant
1073 705 1143 751 oves

97 826 194 882 meas,
209 816 240 869 et
249 804 404 890 jamnon
412 809 543 887 parcant
554 813 620 879 'cua
635 811 667 863 et
680 799 846 863 serratam
859 818 932 861 oues·
940 816 1025 860 meus
1038 795 1076 860 de
1090 817 1142 861 ore

67 932 213 991 seuram,
227 924 259 976 et
278 927 423 996 pascum
427 932 481 975 eas
497 931 570 992 qam
584 909 716 996 judicis
759 908 840 975 Ne
830 907 932 993 egitur
946 927 1002 970 ore
1016 916 1143 983 nostro,

98 1045 165 1109 quo
181 1043 292 1129 pacem
310 1043 478 1108 negamus,
490 1042 557 1107 quo
571 1018 724 1083 duritiam
739 1017 844 1104 magis
860 1016 1010 1080 humenae
1025 1013 1141 1079 crude·

96 1132 197 1197 litatis
212 1152 311 1218 'quam
330 1132 477 1217 (Fortasse
499 1133 552 1189 hic
568 1110 729 1189 eddendum
751 1141 795 1187 cst
816 1124 1033 1191 dulcedinem.
1067 1126 1143 1186 Vide

98 1245 176 1301 enim
176 1241 295 1302 notam.
297 1245 310 1316 )
321 1236 435 1304 divinae
445 1251 477 1302 et
490 1240 630 1325 paterna
641 1220 769 1324 pietatis
780 1235 988 1323 opponimus,
997 1255 1072 1298 oves
1081 1255 1142 1298 no-

98 1348 149 1413 bis
161 1349 344 1420 commisse
358 1371 378 1412 a
387 1347 534 1413 Domino
546 1360 766 1433 reposcantur,
777 1346 899 1434 placuit
911 1345 1017 1425 nobis,
1029 1356 1143 1410 sancto

48 1472 92 1523 ιο
98 1458 215 1544 spiritu
232 1445 438 1546 suggerente,
451 1469 487 1521 ct
505 1456 650 1521 Domino
667 1478 724 1543 per
736 1457 873 1522 visiones
891 1455 1010 1520 multas
1024 1466 1060 1519 ct
1072 1477 1143 1521 ma-

99 1568 235 1634 nifestas
254 1568 450 1632 admonente
469 1566 545 1652 q'uia
565 1565 668 1631 hostis
687 1558 780 1631 nobis
799 1566 969 1631 imminere
988 1587 1143 1652 prenun-

98 1678 248 1742 tiaturet
262 1676 456 1755 ostenditur,
472 1676 629 1762 colligere
648 1676 734 1741 intra
752 1667 858 1741 castra
876 1675 994 1740 milites
1009 1674 1146 1754 Christi,
1171 1716 1173 1723 s

99 1798 135 1850 et
147 1778 337 1850 examinatis
351 1784 552 1872 singulorum
567 1786 684 1864 causis,
697 1806 812 1871 pacem
827 1785 924 1870 lapsis
940 1786 1028 1861 dare,
1042 1784 1146 1849 immo

99 1896 296 1982 pugnaturis·
312 1916 402 1960 arma
422 1916 609 1981 suggerere.
654 1896 755 1961 Quod
777 1895 939 1960 credimus
953 1895 1042 1959 vobis
1061 1914 1145 1980 quo·

18 1986 24 1997 ¹
50 2023 165 2091 laque
202 2018 344 2090 patemae
377 2004 604 2068 misericordia
633 2004 908 2090 contemplatione
936 2003 1144 2089 placiturum.

100 2113 202 2199 Quod
210 2113 244 2176 si
258 2112 299 2176 de
313 2112 450 2198 collegis
464 2112 583 2199 aliquis
595 2112 734 2177 extiterit
749 2106 804 2200 qui
818 2126 954 2200 urgente
968 2114 1146 2180 certamine

100 2241 216 2306 pacem
236 2221 387 2285 fratribus
411 2232 445 2284 et
470 2221 634 2286 sororibus
655 2244 720 2286 non
742 2236 836 2308 putat
857 2222 1016 2302 dandam,
1032 2222 1146 2290 reddet

99 2331 155 2395 ille
176 2331 333 2396 rationem
357 2332 390 2395 in
413 2326 467 2394 die
484 2328 601 2417 judicii
621 2331 769 2418 Domino
788 2333 836 2397 vel
854 2321 1147 2419 importune-*ceu-

100 2462 186 2505 surae
200 2441 250 2504 vel
265 2441 448 2504 inhumanae
462 2440 588 2504 duritiae
611 2463 688 2505 suae.
733 2444 806 2507 Nos
821 2442 909 2529 quod
924 2434 998 2508 'fidei
1013 2456 1047 2508 et
1061 2442 1145 2509 cari·

49 2547 162 2622 wteti
183 2561 218 2613 et
237 2548 446 2614 sollicitudini
465 2552 667 2636 congruebat
688 2574 761 2638 quae
784 2565 874 2617 erant
896 2553 929 2619 in
949 2554 1147 2619 conscientie
1206 2592 1208 2596 ·

102 2672 213 2723 nostm
232 2658 440 2744 protulimus,
453 2657 541 2723 diem
565 2661 747 2724 certaminis
767 2661 1053 2749 appropinquasse,
1068 2663 1147 2728 hos-

103 2778 171 2830 tem
191 2766 367 2832 violentum
387 2769 454 2833 cito
474 2783 587 2833 contra
610 2792 669 2834 nos
692 2793 877 2858 exsurgere,
899 2792 1056 2860 pugnam,
1081 2792 1146 2839 non

102 2875 202 2940 talem
225 2876 329 2964 qualis
352 2877 425 2956 fuit,
450 2878 506 2942 sed
528 2879 707 2964 graviorem
728 2881 834 2946 multo
857 2896 891 2946 et
912 2883 1068 2948 acriorem
1092 2904 1146 2949 ve·

102 2985 193 3064 nire3
215 2984 279 3050 boc
302 2986 395 3051 nobis
415 2985 566 3051 divinitus
584 2989 769 3074 frequenter
787 2991 926 3071 ostendi,
941 2990 982 3056 de
1003 2992 1067 3056 hoo
1087 3012 1147 3057 nos

51 3112 91 3162 αι
101 3094 303 3179 providentia
317 3109 351 3160 et
365 3096 583 3160 misericordia
601 3097 737 3163 Domini
756 3099 873 3185 saepius
896 3099 1062 3169 admoneri
1071 3125 1082 3179 3
1100 3101 1147 3166 de

101 3202 197 3289 cujus
222 3224 286 3288 ope
312 3218 346 3269 et
368 3202 488 3290 pietate
514 3206 571 3291 qui
597 3205 731 3271 insum
757 3209 949 3273 confidimus
973 3230 1149 3295 possumus

101 3327 172 3374 esse
187 3312 291 3377 securi
309 3312 385 3397 quia
400 3312 456 3398 qui
477 3313 509 3376 in
532 3334 611 3399 pace
631 3315 787 3379 militibus
810 3310 884 3380 suis
896 3318 1038 3381 futuram
1061 3339 1144 3404 prte-

101 3423 232 3486 nuntiat
252 3443 408 3508 pugnam,
423 3422 512 3486 dabit
529 3423 741 3489 militantibus
756 3425 787 3489 in
802 3427 1029 3512 congressione
1043 3428 1145 3494 victo·

100 3531 195 3596 riam.
225 3532 385 3617 Optamus
400 3547 444 3611 te,
460 3532 559 3596 frater
571 3533 746 3613 carissime,
762 3556 887 3622 semper
902 3537 982 3601 bene
998 3537 1112 3603 valere.
