2678 4756
318 644 618 744 A'NDREAE
652 642 1025 744 GALLANDII

155 908 159 919 ·
239 864 655 966 PROLEGOMENA
683 882 760 965 DE
788 883 828 963 S.
853 870 1109 978 ΤΗΕΟΝΑ,

164 1091 218 1167 'ln
235 1106 337 1170 tomo
353 1095 401 1170 iv.
420 1094 648 1170 Bibliotheca
666 1093 838 1170 Veterum
855 1095 1029 1188 Petrum,
1046 1120 1086 1196 p.
1097 1091 1169 1168 viil.

530 1346 804 1387 --0-—

145 1494 373 1605 MAXIMO
401 1538 548 1606 ecclesiae
576 1537 804 1607 Alexandrinae
839 1538 986 1621 antistiti,
1016 1538 1078 1628 qui
1111 1552 1192 1606 anno

149 1625 248 1691 Probi
266 1626 467 1712 imperatoris
487 1627 756 1705 ultimo„Christi
770 1647 974 1695 ccsxxxrr.
988 1626 1145 1708 decessit,
1158 1639 1193 1693 ut

147 1724 262 1777 auctor
286 1726 336 1777 est
360 1711 518 1778 Eusebius
545 1713 593 1796 (in
621 1712 745 1780 Chron.
765 1714 808 1779 ad
828 1736 902 1779 ann.
920 1714 1192 1799 unccch113),

149 1799 303 1863 suffectus
324 1811 374 1866 est
390 1799 590 1878 Tuscum,
605 1799 661 1899 qui
682 1799 784 1864 annos
806 1798 1034 1865 novemdecim
1051 1796 1193 1871 ministess

147 1882 198 1949 rio
219 1883 318 1949 fuisse
334 1885 525 1970 perfunctus
547 1885 683 1951 tradltur
704 1887 745 1950 ab
768 1887 884 1951 eodem
906 1885 1053 1950 Eusebio
1075 1883 1192 1950 tamin

149 1969 315 2036 Chronico
330 1970 428 2058 qua'm
439 1970 476 2036 in
491 1972 639 2036 Historia
656 1973 759 2057 (Hist'.
776 1973 866 2038 Eccl.
880 1971 1003 2036 libuli.
1019 1993 1094 2058 cap.
1108 1971 1192 2054 ult),

146 2070 185 2129 ut
205 2057 339 2143 proinde
361 2079 553 2159 supremum·
571 2057 659 2123 diem
680 2059 798 2124 obierit
815 2081 899 2124 anno
919 2079 1001 2124 ccc.
1022 2072 1192 2123 currente:

147 2143 305 2231 siquidem
335 2166 409 2208 anm
437 2164 519 2208 x1x.
546 2166 672 2209 menses
697 2144 823 2231 aliquos
848 2144 1021 2210 dumtaxat
1050 2142 1192 2230 attigisse

146 2224 327 2313 Theseum,
356 2252 396 2293 ex
424 2230 518 2295 initio
547 2229 752 2318 episcopatus
782 2230 868 2295 Petri
896 2231 968 2317 ejus
997 2229 1193 2311 successoris

147 2315 475 2402 Dodwellus.-aperte
503 2316 704 2381 demonstrat
733 2317 884 2402 (Dissert.
908 2317 991 2402 sing.
1016 2316 1062 2380 ad
1089 2317 1192 2381 Peon.

147 2424 219 2489 cap.
232 2402 272 2467 vi.
289 2405 320 2486 ξ.
337 2425 389 2466 mr.
406 2425 481 2490 pag.
498 2404 577 2485 73'.),
597 2402 733 2490 ejusque
755 2403 922 2469 sententiaa
943 2401 1198 2475 Tillemontium'

147 2510 278 2637 qquue
292 2487 453 2566 adhaerere
468 2489 685 2576 comperimus
701 2492 818 2574 (Mem.
832 2489 922 2555 Eccl.
933 2500 1018 2554 tom.
1032 2489 1073 2553 iv.
1086 2501 1192 2554 nott.

148 2597 203 2638 sur
231 2576 253 2638 ¹.
265 2574 389 2638 Theon.
405 2597 437 2663 p.
450 2578 548 2657 771.).
577 2640 580 2646 ,

191 2660 297 2724 Pauca
317 2675 392 2725 sunt
414 2662 592 2726 admodum
608 2684 627 2725 a
642 2661 800 2726 veteribus
816 2661 857 2725 de
870 2659 1008 2724 Theona
1027 2659 1192 2726 memoria

147 2745 286 2832 prodita.
332 2746 417 2811 Illud
440 2771 540 2812 unum
562 2746 714 2812 discimus
729 2770 769 2812 ex
783 2748 925 2813 Eusebio
943 2746 1050 2830 (Hist.
1066 2748 1156 2812 Eccl.
1170 2747 1191 2811 l.

146 2834 210 2915 c.):
229 2834 288 2896 sub
303 2831 372 2918 ejus
388 2833 538 2897 nimirum
555 2835 711 2919 regimine
726 2835 871 2898 floruisse
888 2833 1032 2897 Pierium
1047 2834 1090 2898 ad
1106 2856 1192 2920 pres-

146 2919 263 3004 byterii
278 2919 433 2982 honorem
447 2934 605 2997 evectum,
616 2921 710 3005 eique
723 2919 915 2984 Christianae
929 2918 1003 2982 fidei
1016 2919 1192 2985 institutio-

147 3028 220 3068 nem
238 3004 270 3067 in
287 3004 399 3070 schola
413 3005 630 3069 Alexandrina
644 3005 742 3070 fuisse
758 3006 964 3069 commissam
973 3028 982 3083 ;
1000 3007 1126 3092 quippe
1141 3005 1193 3092 qui

148 3090 343 3155 sublimioris
365 3091 579 3178 philosophiae
605 3105 701 3177 atque
725 3091 917 3177 evangelicae
941 3091 1192 3156 conversationis

148 3177 304 3241 sincerum
332 3177 506 3262 specimen,
530 3178 681 3260 operibus
705 3177 782 3263 ipsis
809 3200 875 3262 prae
901 3176 1019 3240 ceteris
1043 3178 1191 3242 omnibus

146 3263 323 3327 exhiberet.
368 3263 523 3326 Ceterum
536 3264 679 3326 Theouae
694 3264 896 3340 memoriam,
912 3275 949 3325 ut
963 3285 983 3324 a
997 3263 1072 3326 viris
1088 3263 1191 3327 doctis

148 3348 351 3413 Renaudotio
369 3350 470 3432 (Hist.
488 3348 661 3412 Patriarch.
678 3349 772 3412 Alex.
790 3370 866 3433 pag.
880 3349 942 3428 53.)
961 3360 995 3410 et
1012 3348 1191 3434 Lequienio

150 3435 221 3517 (Or.
239 3434 359 3497 Christ.
377 3449 457 3498 tom.
472 3433 504 3497 ii.
522 3456 597 3519 pag.
610 3436 693 3514 396.)
718 3435 893 3510 erudimur,
913 3432 1082 3498 celebrant
1104 3435 1191 3520 Cup·

147 3518 216 3583 titae
236 3519 288 3582 die
308 3541 352 3583 11.
376 3520 494 3583 mensis
515 3521 610 3605 Tybi,
630 3521 693 3583 sive
715 3541 860 3583 xxvm.
881 3518 1100 3584 Decembris:
1124 3520 1190 3607 ejus

147 3616 255 3668 tamen
279 3605 346 3668 dies
370 3606 471 3670 festus
494 3607 527 3669 in
553 3606 671 3670 tabulis
695 3604 918 3670 ecelesiasticis
942 3603 1032 3690 apud
1056 3606 1190 3670 Latinos

147 3691 254 3776 agitur
269 3689 320 3754 die
337 3711 455 3755 xxur.
471 3692 626 3776 Augusti.

191 3775 362 3862 Superiore
376 3777 494 3841 saeculo
509 3777 595 3841 edita
610 3789 659 3840 est
679 3801 698 3840 a
720 3775 885 3842 Dacherio
903 3773 1031 3861 (Spicil.
1047 3774 1188 3840 tom.ii1.

147 3884 222 3949 pag.
242 3875 312 3940 297.
337 3885 409 3926 nov.
430 3864 508 3927 edit.
528 3864 597 3926 Jac.
617 3863 781 3948 Basnagii)
807 3861 944 3948 epistola
965 3861 1103 3926 leeonae
1127 3861 1189 3946 epi·

146 3948 228 4034 scopi
244 3947 380 4012 Luciuuo
402 3947 656 4012 cubiculariorum
674 3948 823 4035 praefecto
844 3948 1009 4032 inscripta,
1029 3947 1190 4035 praeclaris

146 4033 338 4099 Christianae
352 4034 480 4120 pietatis
495 4046 527 4097 et
542 4035 719 4118 prudentiae
741 4033 896 4098 institutis
915 4034 1045 4112 referta,
1060 4034 1188 4120 primae·

145 4142 281 4207 vamque
304 4121 396 4205 plane
419 4120 658 4205 simplicitatem
682 4121 843 4184 redolens.
885 4121 930 4185 Et
950 4119 1097 4221 primum
1120 4119 1189 4207 qui·

145 4205 232 4287 dem,
250 4207 291 4271 ab
313 4205 445 4272 homine
467 4207 585 4274 Graeco
607 4207 705 4273 fuisse
726 4206 816 4273 illam
838 4219 1066 4295 perscriptam,
1089 4227 1130 4272 ex
1149 4225 1186 4271 eo
