2678 4756
227 273 271 357 9⁶
498 270 774 360 nstrourm
803 269 1000 339 soene.

226 438 422 526 confugiunt
445 440 487 506 ed
509 440 677 506 ecclesium
703 439 916 526 baptizandos
937 462 1008 506 esse
1031 462 1052 506 s
1072 440 1180 522 nobis,
1196 441 1269 530 iqui

224 548 322 614 amici
334 547 487 635 appellati
500 572 612 614 sumus
626 549 690 615 Dei
704 549 745 614 de
760 549 829 635 ejus
844 550 1044 637 dignatione.

269 657 358 723 Felix
371 681 392 723 a
405 659 507 744 Bagai
521 658 612 723 dixit.
634 657 754 723 ¹¹Sicut
768 680 877 723 coecus
891 681 1018 725 coecum
1034 660 1158 725 ducens
1172 659 1271 727 simul

222 766 257 832 iu
276 767 402 831 foveam
422 768 554 847 cadunt,
570 768 615 832 ita
636 766 806 832 haersticus
827 767 1014 833 haereticum
1035 768 1205 856 baptizans
1225 770 1270 834 ei·

223 877 348 943 mulin
370 890 508 941 mortem
530 875 660 940 cadunt.
704 878 749 939 Et
769 875 843 941 ideo
865 875 1036 942 haereticus
1055 877 1293 963 baptizandus!

221 998 321 1050 estet
336 984 548 1063 vivificandus,
563 1006 603 1049 ne
618 1007 677 1049 nos
692 984 751 1048 vivi
767 985 904 1051 mortuis
917 987 1211 1053 communicemus.

266 1092 415 1171 Polianus
437 1115 458 1158 e
480 1094 585 1158 Mileo
610 1093 701 1159 dixit.
735 1095 866 1160 Justum
883 1106 933 1160 est
947 1095 1138 1161 haereticum
1160 1097 1269 1185 bspti-

222 1202 287 1269 sari
302 1203 335 1267 in
349 1203 485 1268 ecclesia
500 1215 620 1269 sancta.

262 1313 454 1400 Theogenes
474 1313 516 1378 ab
537 1313 692 1399 Hippone
714 1312 805 1398 regio
828 1311 920 1377 dixit.
958 1313 1144 1379 Secundum
1159 1335 1266 1380 sacra·

220 1434 365 1488 mentum
381 1423 445 1488 Dei
460 1421 574 1509 grstiae
588 1421 737 1501 caelestis,
754 1422 842 1508 quod
857 1420 1053 1510 accepimus,
1068 1446 1172 1489 unum
1185 1425 1310 1512 bap-ru

220 1531 316 1598 tisma
330 1532 420 1619 quod
433 1545 484 1597 est
497 1531 531 1597 in
544 1531 679 1597 ecclesia
692 1544 804 1597 sancta
818 1530 991 1597 credimus.

226 1702 230 1709 .
262 1642 400 1708 Dativus
420 1664 440 1707 a
461 1641 559 1708 Badis
575 1641 666 1706 dixit.
710 1643 784 1706 Nos
800 1654 958 1728 quantum
971 1641 1005 1706 in
1021 1641 1115 1707 nobis
1129 1655 1181 1708 est
1196 1643 1265 1723 hee·

219 1751 326 1819 seticis
348 1775 412 1819 non
433 1751 721 1829 communicamus,
736 1751 796 1815 nisi
817 1751 971 1838 baptizati
991 1751 1023 1815 in
1045 1750 1182 1816 ecclesia
1195 1751 1264 1817 fue·

218 1860 294 1940 rint,
309 1875 342 1926 et
357 1860 579 1926 remissionem
593 1874 802 1947 peccatorum
814 1860 1010 1947 acceperint.
1223 1943 1226 1947 ⁴

235 2019 239 2026 -
260 1971 436 2037 Successus
449 1970 492 2037 ab
506 1968 593 2036 Abb·
627 1970 875 2036 Germaniciana
889 1969 980 2034 dixit.
1018 1968 1193 2035 Haereticis
1207 1980 1263 2035 eut
1272 1986 1300 2039 ts

216 2079 299 2147 nihil
312 2081 389 2148 licet
403 2095 460 2147 aut
473 1993 687 2147 totumhcet.
732 2079 767 2144 Si
781 2092 918 2166 possunt
933 2078 1110 2164 baptizare,
1124 2089 1264 2165 possunt

215 2189 293 2256 dare
315 2202 348 2255 et
374 2188 520 2279 spiritum
547 2200 705 2255 sanctum.
750 2187 785 2252 Si
807 2200 916 2252 autem
939 2186 1087 2274 spiritum
1112 2198 1262 2261 sanctum

215 2297 293 2365 dure
307 2310 535 2384 nonpossunt,
549 2297 625 2384 quia
640 2319 704 2362 non
719 2296 840 2362 habent
860 2295 1009 2383 spiritum
1026 2307 1191 2379 sanctum,
1203 2318 1261 2364 uec

215 2405 576 2495 baptizarespiritaliter
590 2418 749 2492 possunt.
782 2407 955 2493 Propterea
973 2427 1142 2472 censemus
1154 2404 1260 2475 haere

213 2514 298 2583 ticos
312 2514 524 2602 baptizandos
539 2537 621 2580 esse.
735 2570 737 2577 Α
1265 2534 1301 2599 up

257 2625 452 2690 Fortunatus
474 2622 697 2689 aTuchabori
711 2621 803 2688 dixit.
843 2624 939 2689 Jesus
964 2623 1120 2706 Christus,
1138 2624 1261 2693 Domie

133 2788 137 2799 ,
214 2750 275 2800 nus
294 2747 328 2799 et
347 2733 439 2799 Deus
461 2744 570 2799 noster
591 2732 657 2804 Dei
680 2732 780 2819 patris
803 2745 837 2796 et
859 2734 1012 2817 creatoris
1037 2734 1120 2799 filius
1144 2733 1260 2822 lsuper

212 2858 339 2933 petram
363 2845 529 2910 aedihcavit
550 2844 717 2909 ecclesiam
738 2865 842 2922 suam,
857 2865 922 2907 non
938 2865 1033 2930 super
1048 2843 1213 2925 haeresim‚
1226 2855 1259 2908 et

212 2965 407 3040 potestatem
442 2954 628 3040 baptizandi
658 2953 818 3038 episcopis
850 2953 951 3032 dedit,
983 2976 1047 3016 non
1085 2952 1261 3019 haereticis.

204 3063 321 3150 ¹Quare
334 3062 389 3148 qui
404 3077 493 3127 extra
505 3063 672 3126 ecclesiam
688 3073 773 3140 sunt,
784 3074 816 3125 et
828 3076 941 3125 contra
956 3062 1124 3127 Christum
1136 3073 1301 3149 stantem

208 3188 285 3236 oves
300 3171 370 3258 ejus
383 3187 417 3237 et
431 3194 567 3258 gregem
581 3183 749 3256 spargunt,
762 3170 926 3254 baptizare
940 3171 1019 3234 foris
1032 3193 1096 3233 non
1109 3184 1259 3261 possunt.

254 3281 392 3344 Sedatus
413 3303 433 3345 a
454 3280 611 3345 Tuburbo
627 3279 717 3343 dixit.
756 3280 794 3340 In
808 3289 964 3366 quantum
981 3301 1065 3366 aqua
1080 3278 1260 3367 sucerdotis¹

211 3413 305 3478 prece
321 3392 354 3454 in
367 3391 502 3454 ecclesia
516 3388 712 3453 sanctificata
726 3386 828 3451 abluit
843 3386 971 3465 delicta,
987 3386 1020 3450 in
1037 3398 1164 3450 tantum
1188 3385 1257 3474 hae·

211 3501 313 3565 retico
342 3520 489 3564 sermone
516 3499 604 3562 velut
634 3518 767 3562 cancere
792 3497 911 3561 infecta
937 3495 1083 3561 cumulat
1109 3507 1258 3582 peccata.

211 3612 321 3698 Quare
341 3609 492 3674 omnibus
513 3607 653 3696 pacificis
672 3606 801 3694 quidem
817 3606 935 3670 viribus
954 3604 1194 3693 nitendumlest
1216 3622 1303 3701 neup

211 3719 284 3806 quis
299 3716 453 3783 haeretico
466 3739 573 3782 errore
587 3717 728 3781 infectus
741 3729 775 3780 et
788 3715 907 3780 tinctus
922 3715 1082 3803 singulare
1094 3727 1128 3778 et
1141 3734 1259 3805 verum

209 3828 354 3893 ecclesiae
374 3827 570 3914 baptismum
585 3826 742 3891 detrectet
755 3825 920 3911 acciperc3
943 3846 1009 3910 quo
1026 3821 1173 3910 quisquis
1188 3842 1258 3915 nou

208 3937 306 4031 duent
320 3936 501 4024 baptizatus
517 3957 618 4023 regno
635 3935 790 4002 caelorum
805 3933 861 3998 fret
875 3934 1010 3998 alienus.
1235 3992 1260 4027 ἡ,

293 4173 365 4224 Joen.
377 4189 417 4222 xv.
432 4184 469 4223 1⁵.
600 4170 614 4208 t
632 4171 721 4220 Marth.
733 4185 774 4219 xv.
788 4180 826 4219 14.
964 4167 972 4207 ¹
989 4171 1081 4221 Msuh.
1092 4169 1143 4219 xvi.
1156 4179 1195 4223 18.
