2678 4756
231 257 283 324 m
305 202 340 322 s.
360 251 605 325 merorum
627 248 971 319 retenturum.
1058 268 1120 340 247
1175 351 1177 354 Α

65 427 225 516 summus.
270 427 453 516 corrigitur
469 425 511 493 ad
532 423 623 491 Cavii
642 446 746 512 marg.
767 436 871 490 antem
884 447 945 513 pro
959 434 1027 505 nat,
1039 437 1073 492 et
1086 424 1121 492 in

76 516 151 602 ipso
166 516 357 602 apographo
371 515 513 602 positum
532 526 582 577 est
600 511 870 597 superpositionem
892 534 950 598 pro
970 513 1121 599 supersti-
1211 545 1213 548 ·
1240 506 1245 517 ’

77 601 207 681 tionem,
224 602 313 689 quod
327 602 361 667 in
374 601 448 665 MS.
467 599 645 665 secundum
661 599 811 663 Walkeri
824 598 956 686 quidem
971 599 1121 686 recogni-

75 688 202 754 tionem
222 687 352 774 legitur,
370 687 462 752 aliter
484 708 559 750 vero
580 707 614 748 se
631 706 681 749 res
704 684 803 750 habet
816 699 907 751 -teste
924 685 965 750 cl.
979 685 1119 753 Toddio.

78 776 214 861 Propter
226 774 281 839 illa
296 796 438 861 quoque,
454 795 528 860 quae
544 794 620 836 mox
635 784 814 857 sequuntur
827 772 868 837 ad
881 772 938 836 lin.
953 787 984 836 4.
1000 796 1032 859 p.
1046 784 1118 849 237.

76 861 151 925 Hoc
164 883 284 948 quoqtte
298 861 448 925 die-aut
462 859 630 923 stationem
648 859 717 922 Deo
732 858 952 944 aatjejunium
964 858 1120 947 facimus,

73 945 160 1012 illud
174 969 270 1012 ausus
285 969 357 1013 sum
370 946 502 1024 addere,
518 944 607 1031 quod
621 944 654 1008 in
670 956 762 1010 textu
776 945 875 1010 vides.

121 1035 158 1097 P.
171 1039 241 1098 236.
255 1032 279 1098 l.
292 1048 343 1112 29.
364 1054 402 1097 ac
417 1033 464 1097 sio
477 1033 569 1097 Deus
584 1030 762 1116 hominem]
776 1034 928 1119 Quatuor
939 1030 1011 1095 haec
1023 1031 1120 1098 verba

74 1118 111 1183 in
133 1118 218 1184 Cod.
239 1120 315 1184 MS.
334 1131 409 1184 ante
429 1119 483 1184 illa
506 1117 555 1181 die
574 1127 658 1181 sexto
680 1132 863 1202 ponuntur3
885 1117 943 1183 sed
965 1131 1120 1185 monente

75 1205 252 1285 Walkero,
274 1205 376 1274 verbis
398 1206 430 1270 in
452 1205 540 1268 huno
565 1202 710 1268 ordinem
730 1205 817 1291 apud
839 1203 1018 1271 Cavianum
1038 1226 1118 1292 apo-

75 1313 137 1379 gra
161 1290 241 1359 bum
257 1291 411 1364 restitutis
424 1291 509 1356 clara
525 1291 605 1354 fiunt
619 1289 737 1354 omnia.

39 1439 44 1444 .
124 1312 215 1442 llic.-
229 1376 252 1442 l.
267 1378 318 1446 32'.
345 1380 458 1465 quam]
488 1379 588 1441 Recte
612 1375 721 1440 addita
746 1374 845 1440 fuisse
871 1376 904 1441 in
926 1376 1119 1463 apographo

75 1462 150 1528 haeo
165 1463 353 1551 conjunctio
366 1464 501 1530 videtur.
547 1463 645 1527 Paulo
660 1473 734 1550 post
750 1463 914 1543 statuitur,
927 1484 1032 1614 nelue
1044 1477 1121 1537 ante

75 1549 238 1617 mundum
267 1550 447 1630 conditum,
475 1571 535 1614 nee
562 1548 676 1614 diebus
701 1563 967 1634 sextum‘anteoe
991 1549 1119 1616 entibus

75 1637 212 1722 angelos
227 1649 351 1702 creatos
364 1637 474 1714 fuisse,
488 1635 544 1700 sed
559 1635 690 1700 demum
711 1647 802 1701 sexto
816 1635 879 1700 die.
923 1636 1059 1702 Diversa
1069 1649 1120 1702 ta·

76 1744 153 1786 men
167 1722 282 1789 diversi
297 1723 439 1788 sentiunt
453 1722 494 1794 de
512 1745 557 1801 re,
572 1745 646 1808 quae
668 1722 702 1786 in
723 1722 821 1785 sacris
841 1723 942 1788 literis
960 1722 1009 1789 vel
1032 1722 1120 1790 haud

75 1808 212 1874 omnino
227 1822 325 1891 extat,
340 1810 389 1873 vel
403 1823 490 1874 certe
506 1809 593 1874 haud
607 1807 731 1894 liquido
746 1808 955 1895 significatur.

122 1894 207 1961 Ibid.
222 1895 244 1960 l.
260 1910 310 1961 33.
332 1899 463 1982 terram]
479 1895 532 1960 Sic
548 1896 623 1958 MS.
640 1909 673 1959 et
687 1894 720 1960 in
734 1895 879 1980 margine
892 1895 1025 1961 Caviani
1038 1917 1119 1983 apo⁴

74 1980 195 2130 {ephi
208 1982 395 2069 suppletum
410 1996 460 2046 est
475 1981 603 2060 creavit,
617 1982 673 2045 sed
690 1979 842 2046 Walkeri
854 1983 990 2069 praefero
1005 2003 1118 2048 emen-

119 2066 253 2132 tionem.
299 2070 426 2134 Interea
448 2069 489 2132 de
511 2090 545 2132 re
566 2068 636 2153 ipsa
657 2088 697 2130 cx
718 2065 876 2152 principio
897 2069 971 2133 libri
992 2068 1121 2134 Genesis

75 2151 167 2218 aliud
186 2154 265 2242 quid
277 2155 415 2241 colligo,
434 2177 532 2242 quam
550 2152 637 2218 istud
651 2152 921 2219 Victorinianum.
943 2191 945 2195 Α
960 2155 1049 2220 Ante
1066 2156 1118 2222 lu·

75 2238 212 2305 minaria
233 2240 366 2328 quidem
386 2241 536 2320 calestia,
556 2263 629 2326 quae
650 2255 765 2326 quarto
789 2239 842 2304 die
862 2241 946 2306 facta
964 2255 1049 2321 sunt,
1066 2242 1120 2308 die

73 2324 182 2412 primo
195 2325 253 2391 lux
266 2342 375 2392 creata
389 2340 450 2405 est,
465 2327 521 2392 sed
538 2349 602 2391 non
615 2339 688 2390 ante
699 2325 818 2390 coelum
832 2339 865 2391 et
877 2339 992 2392 terram
1000 2352 1009 2408 ;
1025 2330 1120 2414 otiap-¹

74 2409 202 2497 γανῖςον,
213 2413 339 2500 scripsit
349 2414 454 2479 Julius
462 2413 635 2477 Africanus
647 2412 680 2477 in
693 2411 840 2477 caranico
854 2433 953 2500 supra
961 2413 1002 2480 ad
1014 2414 1076 2482 vol.
1085 2415 1119 2484 ii.
1166 2461 1169 2465 .

74 2519 110 2584 p.
123 2510 191 2563 124.
205 2497 272 2575 τέως
290 2501 408 2586 (primo
423 2499 487 2582 die)
507 2501 539 2563 ri
554 2498 746 2585 wposso'nmrcr
760 2507 815 2579 φῶς
829 2499 851 2585 'b
866 2499 1030 2586 κεχυμένον.

123 2585 157 2648 Ρ.
168 2599 240 2663 237.
254 2585 277 2650 l.
288 2601 318 2650 2.
356 2586 523 2672 raeparatio
537 2586 658 2650 scilicet
672 2585 775 2670 regni]
795 2585 828 2650 h.
839 2607 869 2651 e.
885 2587 1011 2658 sabbati
1024 2609 1118 2676 mag·

76 2667 123 2749 ni,
138 2669 202 2734 sive
216 2671 310 2758 regni
326 2608 460 2752 (insisti,
475 2671 516 2736 de
530 2693 597 2758 quo
611 2671 695 2735 infra
709 2670 830 2756 aliquid
844 2672 977 2737 videbis.

121 2755 204 2822 lbid.
219 2760 331 2846 quem]
346 2758 485 2823 Addunt
494 2757 527 2822 in
538 2756 682 2844 margine
695 2755 804 2836 Cavei,
815 2763 838 2805 ‘⁶
847 2757 960 2838 Deest,
972 2758 1022 2824 die
1033 2769 1119 2825 sexto

76 2846 236 2912 “creatas
251 2845 330 2909 est.''
366 2845 430 2909 Sed
453 2844 514 2908 levi
536 2843 715 2908 mutatione
728 2842 783 2907 vsie
805 2843 894 2929 lego,
909 2845 1016 2910 Adam
1032 2846 1119 2913 enim

75 2926 119 2991 ad
135 2927 598 3016 imaginem-consummavit.
642 2928 761 2993 Deleto
776 2951 878 3016 quem.
900 2933 1096 2999 Wnurtssn.

122 3015 207 3080 lbid.
222 3015 246 3080 l.
261 3023 292 3081 6.
315 3016 548 3100 adseverarent]
574 3017 670 3079 Hane
685 3014 838 3080 Walkeri
860 3017 1119 3084 emendationem

74 3103 339 3166 commemoravi.
382 3104 459 3168 MS.
484 3102 582 3166 habet
606 3101 797 3165 adseveraret.
836 3101 1011 3168 Cavianum
1036 3125 1117 3190 apo-

74 3187 238 3274 graphum
254 3200 435 3268 asseverent.
467 3187 567 3253 Paulo
583 3209 679 3274 supra
692 3186 767 3250 MS.
783 3198 901 3252 crearet
916 3210 975 3275 pro
991 3189 1118 3271 creavit,

76 3273 168 3359 quod
182 3273 214 3337 in
231 3274 418 3361 apographo
431 3286 610 3339 correctum
625 3286 685 3350 est.
776 3318 778 3322 ν

122 3359 205 3424 lbid.
220 3360 243 3423 l.
259 3375 288 3425 3.
312 3377 369 3426 aut
393 3361 566 3426 stationem
590 3361 677 3436 De0,
696 3372 752 3424 aut
770 3357 946 3447 jejunium,
965 3361 1116 3447 facimus]

78 3443 182 3508 Statio
200 3445 264 3511 hoc
278 3447 436 3511 Victorini
455 3446 530 3516 loco
546 3445 731 3514 nouaclum
746 3466 805 3532 pro
820 3446 956 3511 collecta
971 3471 1044 3535 quae
1060 3463 1118 3515 vo·

75 3543 180 3611 catur,
196 3533 253 3596 sed
273 3533 369 3596 etiam
386 3555 445 3619 pro
460 3531 661 3609 abstinentia,
677 3531 782 3630 posita
801 3546 861 3613 est,
876 3548 909 3598 et
923 3533 1029 3598 minus
1044 3534 1119 3601 diu·

75 3629 173 3681 turne
188 3630 268 3696 erat,
283 3632 320 3682 ut
335 3635 410 3683 ante
431 3618 507 3698 dixi,
524 3640 622 3705 quam
639 3617 813 3705 jejunium.
859 3619 946 3685 Illud
968 3621 1057 3700 enim,
1076 3621 1120 3688 ad

75 3725 180 3789 usque
192 3725 354 3789 vesperam
371 3705 518 3784 durabat,
535 3725 639 3791 neque
652 3704 797 3770 stationis
812 3703 923 3785 instar,
938 3705 1018 3771 hora
1032 3729 1119 3774 nona
1226 3711 1232 3721 ¹

75 3787 339 3854 concludebatur.
383 3793 436 3855 Ita
449 3812 546 3877 supra
559 3791 656 3854 tradit
671 3804 796 3870 auctor,
811 3791 863 3856 die
878 3805 994 3878 quarto
1010 3795 1121 3860 acibo·

75 3874 237 3940 abstinere
247 3875 380 3942 solitum
395 3898 475 3956 esse,
488 3889 545 3942 aut
559 3875 602 3949 ad
616 3875 731 3941 horam
744 3898 848 3963 usque
863 3888 993 3959 nonam,
1006 3879 1121 3948 autad

75 3981 130 4026 ves
173 3982 252 4026 ram.
277 3984 309 4049 p.
321 3962 430 4027 aefisl.
443 3969 473 4027 6.
615 4018 618 4025 ,
825 3961 828 3968 ’
886 4042 888 4046 Ι

121 4048 137 4110 I
160 4047 308 4113 id.l.1o.
332 4050 409 4114 Hoc
431 4049 484 4114 die
504 4048 645 4114 solemus
663 4049 892 4134 superponere]
909 4049 1036 4114 Concil.
1051 4047 1120 4117 Elis

76 4132 504 4200 beritinumCan.xxxv1.
522 4136 672 4205 Errorem
690 4133 812 4218 placarit
835 4135 959 4223 corrigi,
978 4146 1014 4200 at
1036 4136 1120 4202 amai

78 4216 217 4284 Saltim
231 4217 283 4298 die
289 4219 407 4309 jejunii
422 4220 711 4308 superpositionem
727 4219 921 4307 celebremus.
947 4221 1119 4288 Tertullia-

77 4324 235 4387 nusrem
255 4304 343 4385 huuc
362 4327 489 4377 morem
506 4304 677 4396 jejunandi
695 4306 843 4388 sabbato,
858 4326 955 4394 quem
977 4308 1125 4389 Maura
1164 4391 1169 4399 N

570 4404 629 4460 1³4
1117 4444 1120 4449 -
