2678 4756
259 294 322 375 146
481 346 486 355 .
596 282 958 357 ANNOTATIONES

257 462 442 529 consimiles
465 461 555 527 locos
577 460 673 526 etiarn
697 460 871 525 Muranum
892 460 989 527 video¹
1004 462 1037 527 in
1056 462 1315 550 Praefationeod

255 548 295 613 ·S.
310 547 461 635 Cypriani
478 546 536 631 Op.
552 568 584 630 p.
599 547 673 610 xvii.
694 560 727 610 et
746 545 831 609 xviii.
853 546 915 611 etsi
934 547 1099 615 existimet
1114 548 1145 613 is
1163 549 1309 637 quidem,

260 647 385 721 patrem
409 632 500 697 illum
522 654 587 695 non
612 630 781 697 nescivisse
805 631 1022 717 Stephanum,
1042 648 1078 699 et
1099 635 1161 720 qui
1186 635 1234 699 ab
1255 634 1309 699 illo

260 721 400 794 stabant,
419 718 460 783 de
480 739 634 781 manuum
651 715 858 801 impositione
883 717 916 781 in
937 719 1180 804 poenitentiam,
1209 719 1310 785 haere·

261 805 334 869 ticis
366 805 498 868 omniuo
532 802 708 866 necessaria
735 801 776 865 ad
806 802 963 886 Spiritum
993 804 1155 869 Sanctum
1187 804 1306 890 accipi·

261 889 395 967 endum,
410 912 474 953 non
490 887 530 951 de
546 901 747 952 sacramento
765 886 1028 965 confirmationis,
1046 889 1201 969 locutos3
1224 890 1309 955 haud

259 977 346 1040 eninr
362 995 553 1060 repugnare,
570 987 607 1037 ut
623 972 804 1059 Cyprianus
822 994 901 1039 ansa
913 974 955 1037 ab
970 973 1162 1040 adversariis
1176 987 1308 1061 accepts

261 1076 494 1125 sacramentnm
525 1056 777 1122 confirmationis
811 1056 992 1122 iterandum
1030 1082 1103 1123 esse
1140 1074 1307 1137 statueret,

260 1148 407 1232 quamvis
427 1144 506 1208 illud
526 1144 568 1208 ab
587 1143 701 1206 iisdem
722 1143 828 1206 iterari
847 1142 979 1207 minime
1000 1145 1234 1230 suspicaretur,
1255 1144 1322 1226 sed,

258 1254 316 1297 eos
332 1233 427 1295 sciret
441 1252 555 1293 manns
570 1228 809 1313 impositionem
827 1228 859 1291 in
875 1229 1100 1312 poenitentiam
1116 1242 1248 1295 tantum
1262 1231 1306 1295 in·

260 1317 432 1393 tellexisse,
442 1337 539 1400 quam
552 1314 593 1378 ad
605 1313 752 1398 spiritum
770 1313 1001 1377 conferendum
1018 1316 1236 1380 necessariam
1250 1338 1306 1401 pu·

261 1403 407 1466 taverinr.
447 1401 576 1463 Videsis
593 1414 700 1462 tamen
717 1421 790 1483 quae
811 1398 893 1461 infra
914 1397 955 1461 ad
972 1400 1074 1463 modo
1094 1401 1226 1465 dictum
1240 1403 1306 1481 Ne·

261 1486 396 1551 mesiani
418 1486 615 1569 suffragium
638 1484 670 1547 in
694 1482 821 1547 Concil.
846 1484 903 1547 vii:
922 1505 955 1568 p.
970 1498 1021 1562 93.
1040 1485 1224 1551 adnotabo.
1267 1488 1305 1551 Et

260 1573 407 1637 conferas
430 1594 503 1656 qnae
525 1570 567 1634 sd
588 1569 783 1653 Suffragium
807 1569 967 1633 Octavum
990 1569 1138 1656 ejusdem
1168 1570 1332 1639 Concilii·

260 1680 337 1721 nrox
356 1657 518 1721 dicuntur.
565 1655 629 1719 Hic
648 1675 722 1718 vero
744 1654 883 1717 maxime
905 1654 1025 1719 idcirco
1049 1655 1220 1721 monenda
1240 1659 1304 1735 hac

260 1742 349 1820 duxi,
371 1741 460 1828 quod
479 1741 520 1805 de
538 1740 700 1826 baptismo
715 1754 748 1802 et
762 1739 957 1804 eucharistia
970 1739 1080 1805 locum
1096 1743 1211 1809 minus
1225 1758 1303 1811 recte

261 1840 452 1914 exposuerat
469 1825 627 1913 Anglicus
643 1825 807 1912 interpres.

306 1917 340 1979 P.
353 1928 403 1979 88.
421 1913 443 1977 l.
457 1927 507 1978 25.
521 1913 659 1995 renatus]
678 1914 827 2000 Quatuor
838 1911 961 1999 antiqui
973 1911 1106 1979 codices
1119 1913 1245 1983 habent
1255 1915 1301 1981 ‹le-

259 2025 320 2067 nrro
335 2013 438 2063 nulus.
482 2000 567 2098 Quae
583 1997 678 2062 lectio
690 2020 753 2061 uon
768 1998 928 2146 displicet,
942 2021 1017 2062 cum
1032 2022 1096 2064 vox
1109 2000 1212 2067 denuo
1222 2016 1301 2067 extet

259 2089 292 2153 in
310 2086 416 2171 capite
430 2099 526 2151 tertio
540 2082 698 2169 evangelii
713 2104 811 2147 secun
836 2106 890 2147 unr
902 2084 1074 2163 Josinnem‚
1086 2104 1127 2150 ex
1137 2109 1209 2175 quo
1217 2088 1299 2153 locus

259 2175 321 2239 iste
345 2172 465 2257 petitus
488 2182 547 2235 est.
592 2168 656 2235 Sed
671 2183 750 2254 puto
768 2169 981 2255 Cyprianum,
1000 2170 1057 2255 qui
1078 2170 1145 2236 alia
1164 2173 1299 2239 versione

259 2259 412 2326 utebatur
408 2279 525 2406 Apuani
541 2255 671 2341 vulgata
693 2266 811 2330 nostra,
833 2254 996 2339 scripsisse
1017 2268 1159 2322 renatus.
1181 2258 1297 2324 Bseu·

261 2365 361 2409 stus.
440 2352 511 2405 atras
527 2354 591 2405 tres
605 2339 716 2425 scripti
731 2338 764 2403 in
778 2340 827 2407 ed.
845 2338 943 2404 Oxou.
960 2344 1146 2423 memorati,
1168 2357 1204 2410 et
1217 2344 1298 2409 editis

262 2428 417 2517 Cypriani
432 2426 589 2512 princeps,
606 2420 796 2491 Romnum!

305 2513 390 2577 lbid.
404 2513 426 2577 l.
436 2519 487 2577 26.
508 2523 537 2577 et
553 2511 679 2596 spiritu]
699 2511 737 2573 In
752 2511 828 2574 MS.
847 2509 943 2574 Colb.
960 2510 1012 2575 hic
1028 2512 1163 2579 additur
1178 2528 1295 2582 sancto:

284 2599 349 2664 uod
373 2598 484 2662 abesse
507 2598 626 2661 debere
657 2596 815 2660 Pamelius
840 2610 927 2660 reete
949 2597 1077 2680 probat.
1122 2601 1176 2665 Eo
1197 2618 1295 2669 autem

259 2622 406 2751 dctuum
435 2683 687 2769 apostolicorum
715 2681 876 2766 exemplo,
909 2702 975 2766 quo
1004 2704 1090 2746 nunc
1120 2685 1295 2772 Cyprianus

261 2770 451 2835 sententiam
469 2791 558 2833 suam
576 2768 689 2832 fulcire
706 2768 828 2843 nititur,
846 2768 1041 2853 Anonymus
1061 2789 1081 2834 a
1102 2769 1247 2857 Rigaltio
1260 2772 1295 2839 ad

257 2856 381 2922 calcem
406 2876 538 2939 operum
560 2852 749 2918 Tertulliani
772 2852 877 2914 editus
895 2851 1043 2936 apposite
1057 2852 1164 2919 utitur
1178 2857 1218 2922 ad
1232 2880 1294 2923 eam

259 2941 499 3010 confutandam.
520 2940 600 3003 Inde
608 2938 694 3007 eninr
705 2937 845 3013 ostendit
855 2937 1175 3021 SpiritumSanctum
1186 2943 1296 3029 percipi

260 3028 401 3116 potuisse
425 3026 493 3090 sine
517 3025 691 3110 baptismo,
716 3022 800 3087 sicut
824 3021 1022 3106 baptismum
1043 3024 1113 3087 sine
1131 3028 1295 3093 confirma·

260 3113 357 3179 tionis
372 3126 571 3175 sacrament-o
585 3108 740 3174 collatum
756 3109 853 3171 fuisse
866 3106 937 3171 aliis
951 3107 1143 3174 eorumdem
1160 3114 1296 3181 Actuum

260 3198 416 3283 exemplis
429 3197 639 3261 demonstrat.
670 3193 894 3257 Cousraur.

303 3287 339 3348 P.
349 3299 403 3362 89.
419 3282 502 3347 l.10.
518 3282 559 3347 ad
574 3280 748 3368 Quintum]
768 3278 870 3363 Epist.
885 3277 959 3340 lxxi.
984 3279 1127 3344 Bssua.

304 3369 390 3435 lbid.
405 3368 428 3432 l.
440 3383 486 3431 12.
509 3368 549 3432 ad
571 3367 783 3450 co'e'piscopos
798 3365 830 3426 in
845 3363 1015 3448 Numidia]
1042 3366 1102 3429 Est
1114 3388 1156 3431 ea
1170 3367 1298 3455 epistola

260 3455 436 3542 synodica,
448 3476 522 3538 quae
536 3452 643 3515 statim
658 3466 733 3514 ante
749 3450 854 3535 posita
868 3461 928 3511 est.

305 3539 388 3602 lbid.
402 3539 423 3602 l.
434 3554 481 3602 15.
496 3553 553 3601 aut
567 3536 664 3600 etiam
678 3536 704 3598 si
718 3535 774 3620 qni
791 3535 867 3611 &cl
881 3533 1025 3597 Nitidior
1041 3535 1131 3599 lieret
1146 3537 1262 3617 oratio,
1275 3534 1298 3603 si

260 3622 314 3691 lric
329 3623 485 3709 particula
498 3634 533 3685 ut
548 3636 720 3707 expuncta,
738 3621 896 3705 legeretur
911 3618 1006 3682 etium
1021 3620 1048 3683 si
1064 3620 1119 3706 qui
1130 3623 1298 3712 presbyteri

261 3721 317 3775 orat
338 3707 461 3773 diaconi
482 3706 532 3771 uel
554 3707 586 3771 in
608 3705 746 3782 ecclesio,
769 3726 940 3789 suppresso
962 3721 1129 3789 postremo
1153 3709 1221 3794 qui.
1265 3710 1298 3773 ln

260 3819 327 3860 uno
341 3795 415 3857 MS.
431 3793 608 3859 recentiore
622 3792 720 3855 Colb.
742 3791 889 3868 habetur,
913 3802 966 3852 aut
990 3790 1112 3854 diaconi
1130 3792 1182 3857 vel
1200 3792 1298 3861 cleriei

261 3886 295 3946 in
309 3879 456 3945 ecclesio.-
480 3879 536 3942 sed
560 3878 656 3965 hujus
676 3876 797 3940 codicis
818 3875 1013 3960 pluralem,
1037 3876 1113 3940 alibi
1134 3892 1245 3964 aperte
1257 3880 1297 3949 vi·

260 3969 350 4043 tiata,
381 3965 410 4029 ei
440 3964 614 4029 detrahunt
642 3962 877 4026 auctoritatem.
923 3960 1001 4045 Ejus
1032 3976 1142 4027 tamen
1172 3963 1297 4031 lectioni

260 4054 345 4117 favet
360 4050 567 4114 Innocentius
585 4051 610 4110 l.
630 4048 724 4132 epist.
735 4046 797 4109 xvi.
815 4045 855 4109 ad
871 4045 1070 4112 Macedonas
1087 4070 1118 4110 n.
1132 4061 1163 4112 8.
1185 4050 1243 4115 ubi
1260 4050 1296 4115 de

251 4141 310 4216 iis,
334 4137 390 4223 qui
414 4136 456 4200 ab
483 4133 641 4199 haereticis
668 4132 820 4216 baptizati
843 4131 1046 4216 ordinatique
1069 4133 1110 4196 ad
1132 4134 1295 4201 ecclesiam

260 4238 436 4301 transeunt,
453 4221 509 4301 nit,
525 4220 650 4283 Nostrae
664 4214 717 4282 les
731 4227 777 4281 est
793 4215 930 4281 ccclesiae
945 4217 994 4279 lris
1007 4231 1064 4301 per
1076 4238 1190 4285 manus
1204 4219 1295 4307 inps
