2678 4756
157 265 223 349 446
477 260 854 332 'autoraverunt

156 432 255 500 etiam
267 456 372 501 moon
386 443 479 501 vocat
497 437 550 511 τὰς
568 434 770 536 σνννρχνμίννις
780 434 944 524 ’παρθένους
954 430 1041 513 wls,
1053 432 1094 510 ὅς
1105 431 1190 498 etna«

157 523 226 603 σοῖς.
254 523 307 587 De
321 521 439 610 quibus
452 521 485 587 in
498 523 758 586 aunomnonibus
771 521 812 587 sd
824 522 955 587 tertium
968 517 1050 585 dicti
1062 518 1189 586 Niceti

160 604 300 672 concilii
311 629 465 672 canonem
477 607 577 672 fusim
588 606 806 672 dissenrinrus.
818 609 1088 674 Bavansews.
1108 607 1203 670 Lete.

158 690 280 758 tionem
301 695 432 775 ἂδνλρνὶς,
446 714 544 782 quam
565 694 750 780 postposuit
766 694 972 780 Bermgim,
986 703 1115 757 serrant
1126 713 1188 755 non

159 789 287 842 tantum
307 778 391 858 libri,
404 800 487 865 quos
505 778 560 843 ille
580 781 750 858 recensuit,
763 780 877 845 sedet
898 776 1110 844 Conciliorum
1131 777 1187 841 Co

157 884 337 950 nonumque
356 863 513 929 editiones
532 886 608 929 cum
627 865 698 962 ipsa
716 865 792 931 lilii
806 866 965 930 Cononem
983 865 1107 928 Graeca
1124 861 1186 927 edi·

158 947 247 1013 tione
261 972 334 1050 quae
346 949 493 1037 princeps
506 964 566 1029 est,
581 950 758 1037 mdteasque
772 950 934 1015 Bndleiuni
952 971 1059 1014 omnes
1077 952 1186 1039 praeter

157 1055 254 1099 anum
268 1035 361 1101 illum
374 1049 445 1100 aot.
488 1035 593 1100 Alteri
606 1049 714 1101 autem
728 1040 852 1118 ἀδελφοῖς
910 1035 1116 1100 trocinantur
1127 1048 1185 1098 tres

156 1134 428 1187 commentatores
451 1120 613 1202 Balaamo,
634 1123 815 1202 Aristonus,
838 1123 1019 1200 Bastares3
1047 1121 1184 1208 Symeon

156 1204 269 1271 itidem
289 1206 448 1295 Magister
465 1209 497 1271 in
518 1207 664 1293 Epitome
682 1210 840 1273 Conantem
858 1207 945 1294 apud
962 1205 1057 1271 Juris
1076 1207 1182 1270 eamn

161 1292 227 1357 Vei.
242 1291 475 1357 Bibliotheaum.
500 1293 610 1358 Posuit
623 1293 755 1358 eandem
770 1295 802 1358 in
816 1293 966 1380 Synodion
979 1315 1043 1357 suo
1056 1293 1183 1357 Bevere·

155 1378 241 1464 gius.
284 1380 357 1443 Nec
371 1378 509 1442 multum
524 1380 633 1458 refert,
647 1393 750 1444 utram
766 1381 878 1443 harum
897 1378 1002 1442 malis.
1047 1378 1101 1442 De
1113 1397 1184 1441 voce

156 1477 264 1529 autem
284 1463 484 1552 συνερχομένας
506 1467 593 1528 Hen.
612 1465 800 1529 Dodwellus
817 1467 953 1529 Dissert.
973 1463 1130 1550 Cypriau.
1143 1461 1184 1525 iii.

156 1548 213 1636 qui
226 1550 391 1636 descriptis
407 1549 503 1635 hujus
519 1550 659 1614 Canonis
674 1550 786 1628 verbis,
800 1555 851 1625 τὰς
870 1548 963 1633 μέντοι
986 1545 1184 1635 συνερχομένας

155 1634 293 1721 παρθένος
307 1661 379 1699 τισιν
389 1637 424 1709 ὥς
434 1639 554 1718 ἀδελφὰς
568 1635 756 1719 ἐκωλύσαμεν,
767 1637 872 1722 pergit
884 1635 1026 1701 scribere
1033 1657 1044 1713 3
1060 1634 1183 1698 “Plane

157 1728 179 1761 “
193 1722 367 1807 respondet
380 1743 439 1785 vox
452 1721 652 1807 συνερχομένας
665 1724 861 1800 σονενσίικτονς,
874 1735 912 1786 ut
919 1742 1001 1807 quaa
1012 1720 1072 1785 viri
1082 1743 1182 1783 σονσσ·

155 1813 181 1849 “
192 1806 315 1892 ἤγαγον,
337 1807 401 1871 illae
424 1807 656 1872 consentientes
680 1808 895 1894 σονενσέρχνθορ
915 1806 1130 1870 dicerentur.’'
1152 1806 1181 1886 ξ.

155 1891 202 1957 iii.
219 1915 252 1980 p.
262 1907 314 1957 23.
357 1891 420 1956 Sed
439 1892 479 1957 de
498 1892 640 1958 damnati
659 1895 756 1959 moris
776 1908 850 1959 ortu
869 1891 1017 1956 nonnihil
1037 1890 1130 1956 attuli
1145 1888 1183 1953 ad

157 1980 352 2066 Fragmenta
365 1978 549 2042 Coxctau
565 1979 762 2044 Axr1ootr.
778 2001 854 2065 pag.
866 1991 936 2053 507.
950 1978 1016 2042 vol.
1028 1977 1062 2041 ii.
1085 1974 1184 2041 Deni-

181 2085 220 2129 ue
234 2064 276 2129 de
289 2086 386 2165 poena
401 2063 602 2163 digamorum
624 2070 719 2151 (quos
739 2065 781 2128 ad
800 2063 1025 2150 poenitentiam
1044 2061 1185 2127 redactos

156 2087 256 2216 inisse
278 2150 380 2251 liquet
403 2165 498 2214 ettam
520 2170 559 2212 ex
581 2150 713 2214 Conone
727 2151 806 2214 VII.
824 2146 1124 2213 llleocaesariensiun'r
1138 2145 1185 2210 his

155 2236 336 2323 Aneyrams
360 2243 415 2298 τῶν
439 2236 613 2320 σογχρόνον)
642 2236 753 2300 statuit
779 2257 882 2299 canon
907 2234 1034 2320 primus
1059 2229 1186 2297 Concilit‘

136 2398 138 2403 Ι
155 2321 333 2401 Laodiceni,
341 2319 453 2386 adulto
464 2318 532 2406 jam
545 2321 664 2385 saeculo
676 2333 790 2407 quarto
801 2320 964 2399 celebrati,
973 2318 1116 2399 dandam
1127 2318 1186 2383 illis

154 2428 224 2472 esse
244 2407 339 2492 ὀλίγον
358 2413 406 2470 τοῦ
421 2406 522 2491 χρόνον
542 2408 734 2493 παρελθόντος
751 2406 1029 2471 communionem.
1071 2404 1186 2469 Itidem

157 2494 191 2557 S.
206 2494 341 2557 Basilius
360 2494 412 2556 M.
428 2491 461 2555 in
475 2492 581 2576 Epist.
603 2493 756 2556 canonica
776 2492 846 2556 haec
869 2490 977 2571 habet,
998 2492 1121 2554 ἐνιαυτὸν
1140 2489 1186 2571 μὲν

154 2585 213 2664 γὰρ
233 2581 274 2641 ἐπὶ
293 2587 346 2642 τῶν
363 2576 488 2661 διγᾶμων
504 2579 678 2664 (ὥρίσαμεν)·
701 2578 782 2642 ἄλλον
797 2580 825 2640 δὲ
840 2578 883 2640 δύο
899 2576 955 2654 ἔτη.
979 2577 1108 2640 Canon.
1125 2576 1184 2638 Ill.

154 2665 241 2728 Nam
267 2685 306 2726 ex
331 2662 549 2726 imbecillitate
573 2663 742 2728 hominum
767 2678 852 2728 ortas
878 2661 1036 2726 secundas
1060 2660 1185 2747 nuptias

154 2771 225 2812 esse
237 2748 360 2834 antiqui
374 2748 607 2814 existimabant.
641 2754 686 2812 Οὐ
705 2749 860 2827 κεκώλοτοο
877 2750 949 2834 σορὸς
967 2755 1018 2810 τοῦ
1039 2747 1134 2828 νόμου,
1148 2746 1185 2808 de

154 2835 286 2919 digamo
300 2833 404 2919 inquit
420 2832 569 2898 Clemens
584 2835 677 2898 Alex.
695 2835 809 2898 Strom.
822 2835 867 2898 iii.
882 2857 913 2896 u.
928 2847 976 2896 12.
994 2836 1024 2895 ου’
1040 2832 1183 2916 exspuit*

153 2925 201 2996 τῆς
223 2923 298 2983 κοντοὶ
318 2921 352 2982 ri
372 2920 535 3003 εὐαγγέλιον
557 2919 703 2994 πολιτείας
722 2925 770 2998 τὴν
791 2924 853 2984 κατ’
871 2919 999 2983 ἐπίτασιν
1017 2917 1184 2993 τελειότητα.

153 3027 185 3092 p.
199 3019 267 3068 548.
281 3004 333 3068 ed.
346 3006 478 3069 Potteri.
500 3006 671 3069 Novatiani
685 3028 769 3083 vero,
781 3020 818 3069 ut
830 3017 956 3068 constat
969 3017 1039 3067 tam
1055 3025 1097 3066 ex
1111 3003 1183 3087 Epi·

176 3091 262 3155 hanii
278 3090 400 3154 Haeret.
416 3090 470 3154 lix.
492 3113 564 3176 quae
585 3105 635 3156 est
655 3091 871 3169 Catbarorum,
885 3111 981 3175 quam
999 3110 1038 3152 ex
1053 3089 1183 3153 Canone

187 3177 249 3240 ΙΙΙ.
271 3177 295 3242 S
316 3175 388 3239 nodi
406 3175 559 3255 Νἱοαοναο,
578 3199 652 3240 cum
673 3176 811 3283 bigamis
831 3174 1075 3239 communicare
1097 3173 1182 3237 nole-

151 3261 241 3327 bant.
317 3283 335 3325 e
356 3261 418 3324 illis
440 3275 559 3338 autem,
576 3262 632 3346 qui
655 3277 782 3336 σλοςοις
801 3262 904 3344 γάμοις
925 3259 1096 3346 conjugati
1115 3259 1181 3322 fue·

148 3348 226 3426 rint,
248 3361 350 3433 agunt
373 3347 545 3410 canonistae
567 3347 608 3410 ad
630 3346 760 3411 Consilii
780 3347 917 3410 Νοοοιοο.
941 3367 1100 3410 canonem
1122 3341 1180 3408 t'er·

151 3433 245 3512 tium,
272 3454 368 3519 quem
392 3432 474 3495 infra
498 3431 654 3516 inspicere
682 3445 740 3496 est.
783 3431 883 3495 Haud
903 3430 1034 3494 nescius
1065 3430 1180 3493 interea

150 3538 236 3597 sum,
258 3517 385 3604 litigare
409 3517 491 3582 inter
512 3539 546 3581 se
567 3527 599 3580 et
622 3517 663 3580 de
684 3539 779 3581 sensu
799 3518 882 3581 vocis
904 3516 1034 3600 ὃίγοιμος,
1058 3526 1093 3578 et
1114 3515 1178 3600 qui-

151 3626 226 3667 nam
252 3602 413 3687 plectendi
437 3601 555 3667 fuerint
578 3601 714 3686 digami,
736 3615 845 3666 utrum
870 3601 977 3665 clerici
1002 3600 1122 3677 solum,
1142 3621 1177 3662 an

149 3689 228 3753 item
243 3689 326 3767 laici,
339 3687 483 3758 homines
498 3686 656 3764 eruditos3
672 3687 728 3751 sed
743 3710 812 3761 rem?
824 3688 907 3751 bene
918 3686 1070 3771 exposuit
1082 3686 1176 3768 Bing-

149 3773 264 3838 hamus
279 3774 392 3860 Antiq.
405 3772 524 3836 EccleS.
535 3773 590 3835 lib.
607 3773 667 3837 xvi.
683 3795 754 3857 cap.
770 3788 816 3835 11.
833 3773 863 3853 ξ.
876 3789 906 3849 7.
927 3771 1058 3839 Videsis
1073 3784 1175 3836 notam

150 3861 232 3925 infra
245 3859 287 3924 ad
304 3859 383 3924 Can.
398 3859 477 3924 Vll.
496 3859 852 3922 Couc1L.NaocAEs.

533 4061 697 4127 CANON
725 4061 801 4125 XX.

193 4201 406 4265 Ρ.414.1.16.
427 4198 498 4262 Ἐάν
521 4223 591 4273 τινος
613 4203 681 4283 γονὴ
705 4196 861 4284 μονχευθῇ]
881 4196 1069 4285 Canonistae
1095 4195 1174 4262 nulld

146 4286 256 4352 habite
277 4286 409 4366 ratione,
424 4298 481 4350 aut
495 4284 580 4348 factis
594 4285 642 4348 vel
657 4285 829 4362 mentione,
844 4283 1042 4350 difficultatis
1057 4306 1096 4354 ex
1110 4289 1173 4352 ver·
