<?xml version="1.0" encoding="UTF-8"?>
<!DOCTYPE html PUBLIC "-//W3C//DTD XHTML 1.0 Transitional//EN"
    "http://www.w3.org/TR/xhtml1/DTD/xhtml1-transitional.dtd">
<html xmlns="http://www.w3.org/1999/xhtml" xml:lang="en" lang="en">
 <head>
  <title>
</title>
<meta http-equiv="Content-Type" content="text/html;charset=utf-8" />
  <meta name='ocr-system' content='tesseract 3.04.00' />
  <meta name='ocr-capabilities' content='ocr_page ocr_carea ocr_par ocr_line ocrx_word'/>
</head>
<body>
  <div class='ocr_page' id='page_1' title='image "./reliquiaesacrae11routgoog_0146.png"; bbox 0 0 2678 4756; ppageno 0'>
   <div class='ocr_carea' id='block_1_1' title="bbox 299 269 1100 359">
    <p class='ocr_par' dir='ltr' id='par_1_1' title="bbox 299 269 1100 359">
     <span class='ocr_line' id='line_1_1' title="bbox 299 269 1100 359; baseline 0.004 -15"><span class='ocrx_word' id='word_1_1' title='bbox 299 269 351 346; x_wconf 89' lang='lat' dir='ltr'>IN</span> <span class='ocrx_word' id='word_1_2' title='bbox 374 274 860 359; x_wconf 85' lang='lat' dir='ltr'>CONCILIACARTHAG.</span> <span class='ocrx_word' id='word_1_3' title='bbox 1041 294 1100 359; x_wconf 73' lang='lat' dir='ltr'>tat</span> 
     </span>
    </p>
   </div>
   <div class='ocr_carea' id='block_1_2' title="bbox 17 437 1189 4301">
    <p class='ocr_par' dir='ltr' id='par_1_2' title="bbox 17 437 1189 4301">
     <span class='ocr_line' id='line_1_2' title="bbox 69 437 1103 537; baseline -0.001 -22"><span class='ocrx_word' id='word_1_4' title='bbox 69 477 88 486; x_wconf 93' lang='lat'>··</span> <span class='ocrx_word' id='word_1_5' title='bbox 104 449 142 517; x_wconf 83' lang='grc' dir='ltr'>Ρ.</span> <span class='ocrx_word' id='word_1_6' title='bbox 158 456 209 528; x_wconf 85' lang='grc'>76.</span> <span class='ocrx_word' id='word_1_7' title='bbox 232 449 322 515; x_wconf 79' lang='lat' dir='ltr'>l.18.</span> <span class='ocrx_word' id='word_1_8' title='bbox 349 473 368 515; x_wconf 88' lang='lat' dir='ltr'>a</span> <span class='ocrx_word' id='word_1_9' title='bbox 393 450 499 536; x_wconf 86' lang='lat' dir='ltr'>gratia</span> <span class='ocrx_word' id='word_1_10' title='bbox 521 437 758 537; x_wconf 79' lang='lat' dir='ltr'>consequenda]</span> <span class='ocrx_word' id='word_1_11' title='bbox 782 451 862 514; x_wconf 88' lang='lat' dir='ltr'>Tres</span> <span class='ocrx_word' id='word_1_12' title='bbox 886 448 960 514; x_wconf 87' lang='lat' dir='ltr'>libri</span> <span class='ocrx_word' id='word_1_13' title='bbox 983 461 1103 514; x_wconf 84' lang='lat' dir='ltr'>veteres</span> 
     </span>
     <span class='ocr_line' id='line_1_3' title="bbox 57 536 1189 624; baseline -0.004 -22"><span class='ocrx_word' id='word_1_14' title='bbox 57 538 238 623; x_wconf 79' lang='lat' dir='ltr'>praeferunt</span> <span class='ocrx_word' id='word_1_15' title='bbox 253 536 295 600; x_wconf 82' lang='lat' dir='ltr'>ad</span> <span class='ocrx_word' id='word_1_16' title='bbox 306 536 446 624; x_wconf 76' lang='lat' dir='ltr'><em>gratiam</em></span> <span class='ocrx_word' id='word_1_17' title='bbox 461 537 710 624; x_wconf 84' lang='lat' dir='ltr'>consequendam.</span> <span class='ocrx_word' id='word_1_18' title='bbox 735 537 946 600; x_wconf 75' lang='lat' dir='ltr'>anuzrus.</span> <span class='ocrx_word' id='word_1_19' title='bbox 1186 600 1189 606; x_wconf 76' lang='grc'><em>,</em></span> 
     </span>
     <span class='ocr_line' id='line_1_4' title="bbox 106 621 1103 703; baseline -0.001 -18"><span class='ocrx_word' id='word_1_20' title='bbox 106 622 192 685; x_wconf 91' lang='lat' dir='ltr'>lbid.</span> <span class='ocrx_word' id='word_1_21' title='bbox 207 621 230 686; x_wconf 89' lang='lat' dir='ltr'>l.</span> <span class='ocrx_word' id='word_1_22' title='bbox 242 635 293 698; x_wconf 83' lang='lat'>27.</span> <span class='ocrx_word' id='word_1_23' title='bbox 319 624 418 686; x_wconf 86' lang='lat' dir='ltr'>Porro</span> <span class='ocrx_word' id='word_1_24' title='bbox 439 636 548 686; x_wconf 90' lang='lat' dir='ltr'>autem</span> <span class='ocrx_word' id='word_1_25' title='bbox 569 622 646 703; x_wconf 67' lang='grc' dir='ltr'>δια]</span> <span class='ocrx_word' id='word_1_26' title='bbox 661 623 782 685; x_wconf 88' lang='lat' dir='ltr'>Totum</span> <span class='ocrx_word' id='word_1_27' title='bbox 806 622 891 684; x_wconf 88' lang='lat' dir='ltr'>hunc</span> <span class='ocrx_word' id='word_1_28' title='bbox 914 622 1024 685; x_wconf 89' lang='lat' dir='ltr'>locum</span> <span class='ocrx_word' id='word_1_29' title='bbox 1046 621 1103 697; x_wconf 76' lang='lat' dir='ltr'>de·¹</span> 
     </span>
     <span class='ocr_line' id='line_1_5' title="bbox 59 706 1104 794; baseline 0.001 -24"><span class='ocrx_word' id='word_1_30' title='bbox 59 708 191 794; x_wconf 77' lang='lat' dir='ltr'><strong>scripsit</strong></span> <span class='ocrx_word' id='word_1_31' title='bbox 213 723 342 773; x_wconf 84' lang='lat' dir='ltr'>sanctus</span> <span class='ocrx_word' id='word_1_32' title='bbox 364 708 584 792; x_wconf 87' lang='lat' dir='ltr'>Hieronymus</span> <span class='ocrx_word' id='word_1_33' title='bbox 608 707 640 770; x_wconf 92' lang='lat' dir='ltr'>in</span> <span class='ocrx_word' id='word_1_34' title='bbox 665 707 727 770; x_wconf 90' lang='lat' dir='ltr'>fine</span> <span class='ocrx_word' id='word_1_35' title='bbox 748 708 821 770; x_wconf 89' lang='lat' dir='ltr'>libri</span> <span class='ocrx_word' id='word_1_36' title='bbox 847 707 933 771; x_wconf 90' lang='lat' dir='ltr'>tertii</span> <span class='ocrx_word' id='word_1_37' title='bbox 956 706 1104 783; x_wconf 85' lang='lat' dir='ltr'>adversus</span> 
     </span>
     <span class='ocr_line' id='line_1_6' title="bbox 59 792 1104 879; baseline 0 -23"><span class='ocrx_word' id='word_1_38' title='bbox 59 793 265 879; x_wconf 83' lang='lat' dir='ltr'>Pelagianos.</span> <span class='ocrx_word' id='word_1_39' title='bbox 310 792 375 857; x_wconf 87' lang='lat' dir='ltr'>Sed</span> <span class='ocrx_word' id='word_1_40' title='bbox 398 793 483 878; x_wconf 90' lang='lat' dir='ltr'>apud</span> <span class='ocrx_word' id='word_1_41' title='bbox 507 795 744 878; x_wconf 81' lang='lat' dir='ltr'>Hieronymum</span> <span class='ocrx_word' id='word_1_42' title='bbox 760 792 879 878; x_wconf 86' lang='lat' dir='ltr'>legitur</span> <span class='ocrx_word' id='word_1_43' title='bbox 892 792 1029 855; x_wconf 81' lang='lat' dir='ltr'>remissio</span> <span class='ocrx_word' id='word_1_44' title='bbox 1044 815 1104 877; x_wconf 91' lang='lat' dir='ltr'>pro</span> 
     </span>
     <span class='ocr_line' id='line_1_7' title="bbox 59 879 1104 965; baseline -0.001 -22"><span class='ocrx_word' id='word_1_45' title='bbox 59 879 214 956; x_wconf 82' lang='lat' dir='ltr'>remisso,·</span> <span class='ocrx_word' id='word_1_46' title='bbox 235 893 268 942; x_wconf 91' lang='lat' dir='ltr'>et</span> <span class='ocrx_word' id='word_1_47' title='bbox 282 900 342 965; x_wconf 89' lang='lat' dir='ltr'>pro</span> <span class='ocrx_word' id='word_1_48' title='bbox 359 879 500 964; x_wconf 89' lang='lat' dir='ltr'>eoquod</span> <span class='ocrx_word' id='word_1_49' title='bbox 516 879 602 964; x_wconf 89' lang='lat' dir='ltr'>apud</span> <span class='ocrx_word' id='word_1_50' title='bbox 619 879 818 965; x_wconf 87' lang='lat' dir='ltr'>Cyprianum</span> <span class='ocrx_word' id='word_1_51' title='bbox 841 893 927 941; x_wconf 85' lang='lat' dir='ltr'>recte</span> <span class='ocrx_word' id='word_1_52' title='bbox 949 879 1104 965; x_wconf 83' lang='lat' dir='ltr'>scripturn</span> 
     </span>
     <span class='ocr_line' id='line_1_8' title="bbox 59 963 1106 1050; baseline 0.001 -22"><span class='ocrx_word' id='word_1_53' title='bbox 59 979 112 1028; x_wconf 85' lang='lat' dir='ltr'>est</span> <span class='ocrx_word' id='word_1_54' title='bbox 126 963 165 1027; x_wconf 86' lang='lat' dir='ltr'>de</span> <span class='ocrx_word' id='word_1_55' title='bbox 181 979 235 1048; x_wconf 88' lang='lat' dir='ltr'>ope</span> <span class='ocrx_word' id='word_1_56' title='bbox 248 977 354 1029; x_wconf 84' lang='lat' dir='ltr'>nostro</span> <span class='ocrx_word' id='word_1_57' title='bbox 370 987 408 1028; x_wconf 85' lang='lat' dir='ltr'>nc</span> <span class='ocrx_word' id='word_1_58' title='bbox 423 965 530 1028; x_wconf 71' lang='lat' dir='ltr'>diarina</span> <span class='ocrx_word' id='word_1_59' title='bbox 544 965 765 1041; x_wconf 80' lang='lat' dir='ltr'>misericordia,</span> <span class='ocrx_word' id='word_1_60' title='bbox 781 965 812 1027; x_wconf 92' lang='lat' dir='ltr'>in</span> <span class='ocrx_word' id='word_1_61' title='bbox 828 963 1032 1050; x_wconf 89' lang='lat' dir='ltr'>Hieronymo</span> <span class='ocrx_word' id='word_1_62' title='bbox 1048 964 1106 1029; x_wconf 87' lang='lat' dir='ltr'>ha-</span> 
     </span>
     <span class='ocr_line' id='line_1_9' title="bbox 59 1050 1068 1133; baseline -0.004 -18"><span class='ocrx_word' id='word_1_63' title='bbox 59 1050 119 1115; x_wconf 89' lang='lat' dir='ltr'>bet</span> <span class='ocrx_word' id='word_1_64' title='bbox 132 1050 171 1114; x_wconf 87' lang='lat' dir='ltr'>de</span> <span class='ocrx_word' id='word_1_65' title='bbox 185 1065 239 1133; x_wconf 89' lang='lat' dir='ltr'>ope</span> <span class='ocrx_word' id='word_1_66' title='bbox 253 1061 359 1114; x_wconf 83' lang='lat' dir='ltr'>mostra</span> <span class='ocrx_word' id='word_1_67' title='bbox 373 1051 415 1113; x_wconf 87' lang='lat' dir='ltr'>ud</span> <span class='ocrx_word' id='word_1_68' title='bbox 429 1050 567 1114; x_wconf 81' lang='lat' dir='ltr'>divinum</span> <span class='ocrx_word' id='word_1_69' title='bbox 581 1050 834 1114; x_wconf 85' lang='lat' dir='ltr'>misericordiam.</span> <span class='ocrx_word' id='word_1_70' title='bbox 857 1051 1068 1113; x_wconf 73' lang='lat' dir='ltr'>anuzws.</span> 
     </span>
     <span class='ocr_line' id='line_1_10' title="bbox 105 1134 1104 1221; baseline 0 -22"><span class='ocrx_word' id='word_1_71' title='bbox 105 1135 191 1199; x_wconf 91' lang='lat' dir='ltr'>lbid.</span> <span class='ocrx_word' id='word_1_72' title='bbox 207 1135 229 1198; x_wconf 92' lang='lat' dir='ltr'>l.</span> <span class='ocrx_word' id='word_1_73' title='bbox 241 1150 291 1200; x_wconf 84' lang='lat'>28.</span> <span class='ocrx_word' id='word_1_74' title='bbox 309 1136 505 1221; x_wconf 86' lang='lat' dir='ltr'>gravissimis</span> <span class='ocrx_word' id='word_1_75' title='bbox 520 1136 742 1219; x_wconf 84' lang='lat' dir='ltr'>delictoribus]</span> <span class='ocrx_word' id='word_1_76' title='bbox 756 1135 990 1219; x_wconf 88' lang='lat' dir='ltr'>Negatoribus,</span> <span class='ocrx_word' id='word_1_77' title='bbox 1006 1134 1104 1199; x_wconf 90' lang='lat' dir='ltr'>sacri-</span> 
     </span>
     <span class='ocr_line' id='line_1_11' title="bbox 60 1219 1104 1307; baseline 0.001 -23"><span class='ocrx_word' id='word_1_78' title='bbox 60 1219 177 1301; x_wconf 78' lang='lat' dir='ltr'>ficatis,</span> <span class='ocrx_word' id='word_1_79' title='bbox 192 1220 352 1285; x_wconf 90' lang='lat' dir='ltr'>libellatis.</span> <span class='ocrx_word' id='word_1_80' title='bbox 397 1222 579 1286; x_wconf 89' lang='lat' dir='ltr'>Delictores</span> <span class='ocrx_word' id='word_1_81' title='bbox 600 1221 678 1284; x_wconf 87' lang='lat' dir='ltr'>dicit</span> <span class='ocrx_word' id='word_1_82' title='bbox 699 1243 755 1285; x_wconf 92' lang='lat' dir='ltr'>eos</span> <span class='ocrx_word' id='word_1_83' title='bbox 776 1222 831 1307; x_wconf 94' lang='lat' dir='ltr'>qui</span> <span class='ocrx_word' id='word_1_84' title='bbox 853 1219 946 1282; x_wconf 85' lang='lat' dir='ltr'>tidem</span> <span class='ocrx_word' id='word_1_85' title='bbox 972 1220 1104 1285; x_wconf 88' lang='lat' dir='ltr'>Christo</span> 
     </span>
     <span class='ocr_line' id='line_1_12' title="bbox 61 1305 1104 1392; baseline -0.002 -21"><span class='ocrx_word' id='word_1_86' title='bbox 61 1305 172 1371; x_wconf 88' lang='lat' dir='ltr'>datam</span> <span class='ocrx_word' id='word_1_87' title='bbox 200 1306 421 1390; x_wconf 90' lang='lat' dir='ltr'>deseruerunt,</span> <span class='ocrx_word' id='word_1_88' title='bbox 445 1307 693 1392; x_wconf 87' lang='lat' dir='ltr'>dereliquerunt.</span> <span class='ocrx_word' id='word_1_89' title='bbox 737 1306 981 1370; x_wconf 85' lang='lat' dir='ltr'>Observavimus</span> <span class='ocrx_word' id='word_1_90' title='bbox 1008 1326 1104 1391; x_wconf 88' lang='lat' dir='ltr'>supra</span> 
     </span>
     <span class='ocr_line' id='line_1_13' title="bbox 60 1391 1105 1477; baseline 0 -21"><span class='ocrx_word' id='word_1_91' title='bbox 60 1391 102 1456; x_wconf 86' lang='lat' dir='ltr'>ad</span> <span class='ocrx_word' id='word_1_92' title='bbox 118 1392 222 1477; x_wconf 86' lang='lat' dir='ltr'>Epist.</span> <span class='ocrx_word' id='word_1_93' title='bbox 241 1413 301 1455; x_wconf 74' lang='lat' dir='ltr'>ev.</span> <span class='ocrx_word' id='word_1_94' title='bbox 319 1392 371 1473; x_wconf 88' lang='lat' dir='ltr'>(al.</span> <span class='ocrx_word' id='word_1_95' title='bbox 390 1395 472 1472; x_wconf 74' lang='lat' dir='ltr'>err.)</span> <span class='ocrx_word' id='word_1_96' title='bbox 499 1394 715 1456; x_wconf 72' lang='lat' dir='ltr'>Brontrws</span> <span class='ocrx_word' id='word_1_97' title='bbox 738 1414 757 1454; x_wconf 88' lang='lat' dir='ltr'>a</span> <span class='ocrx_word' id='word_1_98' title='bbox 778 1391 867 1455; x_wconf 86' lang='lat' dir='ltr'>Fello</span> <span class='ocrx_word' id='word_1_99' title='bbox 889 1391 1013 1454; x_wconf 85' lang='lat' dir='ltr'>allatus.</span> <span class='ocrx_word' id='word_1_100' title='bbox 1061 1393 1105 1456; x_wconf 79' lang='lat' dir='ltr'>At</span> 
     </span>
     <span class='ocr_line' id='line_1_14' title="bbox 60 1476 1105 1561; baseline 0.003 -22"><span class='ocrx_word' id='word_1_101' title='bbox 60 1499 137 1540; x_wconf 91' lang='lat' dir='ltr'>vero</span> <span class='ocrx_word' id='word_1_102' title='bbox 153 1476 257 1561; x_wconf 87' lang='lat' dir='ltr'>magis</span> <span class='ocrx_word' id='word_1_103' title='bbox 272 1477 385 1541; x_wconf 87' lang='lat' dir='ltr'>suadet</span> <span class='ocrx_word' id='word_1_104' title='bbox 400 1477 492 1554; x_wconf 90' lang='lat' dir='ltr'>illud,</span> <span class='ocrx_word' id='word_1_105' title='bbox 516 1477 543 1541; x_wconf 88' lang='lat' dir='ltr'>si</span> <span class='ocrx_word' id='word_1_106' title='bbox 559 1488 666 1561; x_wconf 87' lang='lat' dir='ltr'>posteo</span> <span class='ocrx_word' id='word_1_107' title='bbox 687 1476 883 1553; x_wconf 83' lang='lat' dir='ltr'>crediderint,</span> <span class='ocrx_word' id='word_1_108' title='bbox 905 1476 995 1540; x_wconf 87' lang='lat' dir='ltr'>istaec</span> <span class='ocrx_word' id='word_1_109' title='bbox 1010 1477 1105 1541; x_wconf 86' lang='lat' dir='ltr'>verba</span> 
     </span>
     <span class='ocr_line' id='line_1_15' title="bbox 59 1561 1106 1648; baseline 0 -21"><span class='ocrx_word' id='word_1_110' title='bbox 59 1562 102 1627; x_wconf 89' lang='lat' dir='ltr'>de</span> <span class='ocrx_word' id='word_1_111' title='bbox 126 1561 312 1627; x_wconf 87' lang='lat' dir='ltr'>horninibus</span> <span class='ocrx_word' id='word_1_112' title='bbox 332 1561 549 1627; x_wconf 86' lang='lat' dir='ltr'>Christianam</span> <span class='ocrx_word' id='word_1_113' title='bbox 569 1562 663 1626; x_wconf 84' lang='lat' dir='ltr'>fidem</span> <span class='ocrx_word' id='word_1_114' title='bbox 688 1562 854 1648; x_wconf 87' lang='lat' dir='ltr'>amplexis,</span> <span class='ocrx_word' id='word_1_115' title='bbox 867 1575 965 1646; x_wconf 89' lang='lat' dir='ltr'>atque</span> <span class='ocrx_word' id='word_1_116' title='bbox 984 1561 1106 1627; x_wconf 90' lang='lat' dir='ltr'>idcirco</span> 
     </span>
     <span class='ocr_line' id='line_1_16' title="bbox 59 1647 1104 1748; baseline -0.005 -33"><span class='ocrx_word' id='word_1_117' title='bbox 59 1648 262 1734; x_wconf 82' lang='lat' dir='ltr'>baptismum</span> <span class='ocrx_word' id='word_1_118' title='bbox 282 1649 475 1748; x_wconf 88' lang='lat' dir='ltr'>petentibus,</span> <span class='ocrx_word' id='word_1_119' title='bbox 496 1670 666 1732; x_wconf 85' lang='lat' dir='ltr'>exponere,</span> <span class='ocrx_word' id='word_1_120' title='bbox 682 1670 738 1733; x_wconf 91' lang='lat' dir='ltr'>per</span> <span class='ocrx_word' id='word_1_121' title='bbox 756 1669 850 1734; x_wconf 90' lang='lat' dir='ltr'>quem</span> <span class='ocrx_word' id='word_1_122' title='bbox 872 1647 1001 1733; x_wconf 90' lang='lat' dir='ltr'>quidem</span> <span class='ocrx_word' id='word_1_123' title='bbox 1025 1649 1104 1733; x_wconf 80' lang='lat' dir='ltr'>bap-</span> 
     </span>
     <span class='ocr_line' id='line_1_17' title="bbox 59 1733 1106 1819; baseline -0.001 -20"><span class='ocrx_word' id='word_1_124' title='bbox 59 1734 149 1799; x_wconf 82' lang='lat' dir='ltr'>tismi</span> <span class='ocrx_word' id='word_1_125' title='bbox 164 1733 262 1799; x_wconf 88' lang='lat' dir='ltr'>ritum</span> <span class='ocrx_word' id='word_1_126' title='bbox 285 1756 317 1796; x_wconf 91' lang='lat' dir='ltr'>1n</span> <span class='ocrx_word' id='word_1_127' title='bbox 337 1735 467 1798; x_wconf 89' lang='lat' dir='ltr'>nomine</span> <span class='ocrx_word' id='word_1_128' title='bbox 487 1734 606 1798; x_wconf 80' lang='lat' dir='ltr'>Divino</span> <span class='ocrx_word' id='word_1_129' title='bbox 621 1733 818 1797; x_wconf 89' lang='lat' dir='ltr'>celebratum</span> <span class='ocrx_word' id='word_1_130' title='bbox 841 1748 973 1819; x_wconf 87' lang='lat' dir='ltr'>peecata</span> <span class='ocrx_word' id='word_1_131' title='bbox 996 1735 1106 1798; x_wconf 81' lang='lat' dir='ltr'>omnia</span> 
     </span>
     <span class='ocr_line' id='line_1_18' title="bbox 58 1818 712 1905; baseline -0.002 -22"><span class='ocrx_word' id='word_1_132' title='bbox 58 1818 183 1884; x_wconf 86' lang='lat' dir='ltr'>remitti</span> <span class='ocrx_word' id='word_1_133' title='bbox 199 1841 237 1883; x_wconf 87' lang='lat' dir='ltr'>ac</span> <span class='ocrx_word' id='word_1_134' title='bbox 252 1819 350 1884; x_wconf 90' lang='lat' dir='ltr'>deleri</span> <span class='ocrx_word' id='word_1_135' title='bbox 364 1820 514 1884; x_wconf 88' lang='lat' dir='ltr'>credebat</span> <span class='ocrx_word' id='word_1_136' title='bbox 528 1821 712 1905; x_wconf 86' lang='lat' dir='ltr'>antiquitas.</span> 
     </span>
     <span class='ocr_line' id='line_1_19' title="bbox 17 1903 1103 1992; baseline 0.001 -25"><span class='ocrx_word' id='word_1_137' title='bbox 17 1960 19 1967; x_wconf 92' lang='lat'>.</span> <span class='ocrx_word' id='word_1_138' title='bbox 103 1905 188 1968; x_wconf 90' lang='lat' dir='ltr'>lbid.</span> <span class='ocrx_word' id='word_1_139' title='bbox 204 1905 227 1969; x_wconf 93' lang='lat' dir='ltr'>l.</span> <span class='ocrx_word' id='word_1_140' title='bbox 241 1919 291 1985; x_wconf 74' lang='lat'>32.</span> <span class='ocrx_word' id='word_1_141' title='bbox 315 1905 374 1968; x_wconf 92' lang='lat' dir='ltr'>nisi</span> <span class='ocrx_word' id='word_1_142' title='bbox 396 1905 484 1992; x_wconf 93' lang='lat' dir='ltr'>quod</span> <span class='ocrx_word' id='word_1_143' title='bbox 506 1905 683 1969; x_wconf 90' lang='lat' dir='ltr'>secundum</span> <span class='ocrx_word' id='word_1_144' title='bbox 700 1903 822 1987; x_wconf 87' lang='lat' dir='ltr'>Adam]</span> <span class='ocrx_word' id='word_1_145' title='bbox 839 1904 903 1969; x_wconf 88' lang='lat' dir='ltr'>Vix</span> <span class='ocrx_word' id='word_1_146' title='bbox 919 1904 995 1968; x_wconf 90' lang='lat' dir='ltr'>alibi</span> <span class='ocrx_word' id='word_1_147' title='bbox 1010 1926 1103 1988; x_wconf 90' lang='lat' dir='ltr'>repe·</span> 
     </span>
     <span class='ocr_line' id='line_1_20' title="bbox 59 1990 1158 2077; baseline -0.001 -21"><span class='ocrx_word' id='word_1_148' title='bbox 59 1990 154 2069; x_wconf 81' lang='lat' dir='ltr'>titur,</span> <span class='ocrx_word' id='word_1_149' title='bbox 177 1990 264 2076; x_wconf 90' lang='lat' dir='ltr'>apud</span> <span class='ocrx_word' id='word_1_150' title='bbox 287 1992 438 2077; x_wconf 91' lang='lat' dir='ltr'>antiquos</span> <span class='ocrx_word' id='word_1_151' title='bbox 460 1992 643 2076; x_wconf 87' lang='lat' dir='ltr'>scriptores,</span> <span class='ocrx_word' id='word_1_152' title='bbox 666 1990 757 2054; x_wconf 90' lang='lat' dir='ltr'>locus</span> <span class='ocrx_word' id='word_1_153' title='bbox 784 1991 824 2052; x_wconf 90' lang='lat' dir='ltr'>ad</span> <span class='ocrx_word' id='word_1_154' title='bbox 848 1991 1104 2055; x_wconf 85' lang='lat' dir='ltr'>confirmandum</span> <span class='ocrx_word' id='word_1_155' title='bbox 1155 2064 1158 2071; x_wconf 22' lang='grc' dir='ltr'>Ι</span> 
     </span>
     <span class='ocr_line' id='line_1_21' title="bbox 59 2075 1103 2162; baseline -0.002 -22"><span class='ocrx_word' id='word_1_156' title='bbox 59 2075 183 2162; x_wconf 86' lang='lat' dir='ltr'>dogma</span> <span class='ocrx_word' id='word_1_157' title='bbox 204 2075 246 2140; x_wconf 93' lang='lat' dir='ltr'>de</span> <span class='ocrx_word' id='word_1_158' title='bbox 265 2076 413 2161; x_wconf 86' lang='lat' dir='ltr'>originali</span> <span class='ocrx_word' id='word_1_159' title='bbox 436 2093 581 2161; x_wconf 84' lang='lat' dir='ltr'>peccato,</span> <span class='ocrx_word' id='word_1_160' title='bbox 599 2075 703 2161; x_wconf 89' lang='lat' dir='ltr'>magis</span> <span class='ocrx_word' id='word_1_161' title='bbox 724 2075 902 2159; x_wconf 86' lang='lat' dir='ltr'>appositus,</span> <span class='ocrx_word' id='word_1_162' title='bbox 917 2087 950 2138; x_wconf 92' lang='lat' dir='ltr'>et</span> <span class='ocrx_word' id='word_1_163' title='bbox 972 2097 1103 2160; x_wconf 84' lang='lat' dir='ltr'>expres·</span> 
     </span>
     <span class='ocr_line' id='line_1_22' title="bbox 59 2160 1105 2247; baseline 0.001 -22"><span class='ocrx_word' id='word_1_164' title='bbox 59 2184 128 2226; x_wconf 85' lang='lat' dir='ltr'>sus.</span> <span class='ocrx_word' id='word_1_165' title='bbox 171 2162 226 2226; x_wconf 91' lang='lat' dir='ltr'>De</span> <span class='ocrx_word' id='word_1_166' title='bbox 239 2177 383 2226; x_wconf 89' lang='lat' dir='ltr'>veterum</span> <span class='ocrx_word' id='word_1_167' title='bbox 407 2161 467 2225; x_wconf 90' lang='lat' dir='ltr'>hac</span> <span class='ocrx_word' id='word_1_168' title='bbox 485 2163 518 2225; x_wconf 94' lang='lat' dir='ltr'>in</span> <span class='ocrx_word' id='word_1_169' title='bbox 539 2184 636 2226; x_wconf 89' lang='lat' dir='ltr'>causa</span> <span class='ocrx_word' id='word_1_170' title='bbox 648 2161 776 2247; x_wconf 89' lang='lat' dir='ltr'>placitis</span> <span class='ocrx_word' id='word_1_171' title='bbox 791 2160 977 2224; x_wconf 89' lang='lat' dir='ltr'>consulatur</span> <span class='ocrx_word' id='word_1_172' title='bbox 991 2173 1105 2226; x_wconf 84' lang='lat' dir='ltr'>auctor</span> 
     </span>
     <span class='ocr_line' id='line_1_23' title="bbox 59 2245 1105 2334; baseline -0.001 -22"><span class='ocrx_word' id='word_1_173' title='bbox 59 2247 219 2312; x_wconf 81' lang='lat' dir='ltr'>Historiae</span> <span class='ocrx_word' id='word_1_174' title='bbox 243 2247 433 2333; x_wconf 82' lang='lat' dir='ltr'>Pelagianae,</span> <span class='ocrx_word' id='word_1_175' title='bbox 456 2248 513 2312; x_wconf 88' lang='lat' dir='ltr'>lib.</span> <span class='ocrx_word' id='word_1_176' title='bbox 529 2248 561 2311; x_wconf 91' lang='lat' dir='ltr'>ii.</span> <span class='ocrx_word' id='word_1_177' title='bbox 585 2247 640 2334; x_wconf 89' lang='lat' dir='ltr'>qui</span> <span class='ocrx_word' id='word_1_178' title='bbox 666 2262 774 2311; x_wconf 87' lang='lat' dir='ltr'>tamen</span> <span class='ocrx_word' id='word_1_179' title='bbox 796 2246 958 2310; x_wconf 87' lang='lat' dir='ltr'>innuerito</span> <span class='ocrx_word' id='word_1_180' title='bbox 973 2245 1105 2332; x_wconf 88' lang='lat' dir='ltr'>sugillat</span> 
     </span>
     <span class='ocr_line' id='line_1_24' title="bbox 59 2331 1105 2418; baseline -0.002 -18"><span class='ocrx_word' id='word_1_181' title='bbox 59 2334 266 2400; x_wconf 87' lang='lat' dir='ltr'>Clementem</span> <span class='ocrx_word' id='word_1_182' title='bbox 290 2333 555 2410; x_wconf 86' lang='lat' dir='ltr'>Alexandrinum,</span> <span class='ocrx_word' id='word_1_183' title='bbox 579 2333 670 2418; x_wconf 90' lang='lat' dir='ltr'>quasi</span> <span class='ocrx_word' id='word_1_184' title='bbox 692 2332 872 2397; x_wconf 87' lang='lat' dir='ltr'>doctrinam</span> <span class='ocrx_word' id='word_1_185' title='bbox 895 2332 936 2396; x_wconf 92' lang='lat' dir='ltr'>de</span> <span class='ocrx_word' id='word_1_186' title='bbox 957 2331 1105 2418; x_wconf 85' lang='lat' dir='ltr'>originali</span> 
     </span>
     <span class='ocr_line' id='line_1_25' title="bbox 102 2418 1105 2505; baseline 0.001 -23"><span class='ocrx_word' id='word_1_187' title='bbox 102 2434 197 2482; x_wconf 90' lang='lat' dir='ltr'>ccato</span> <span class='ocrx_word' id='word_1_188' title='bbox 224 2420 389 2483; x_wconf 88' lang='lat' dir='ltr'>nonsatis</span> <span class='ocrx_word' id='word_1_189' title='bbox 416 2419 634 2498; x_wconf 86' lang='lat' dir='ltr'>intellexisset,</span> <span class='ocrx_word' id='word_1_190' title='bbox 662 2418 819 2504; x_wconf 90' lang='lat' dir='ltr'>siquidem</span> <span class='ocrx_word' id='word_1_191' title='bbox 848 2441 920 2505; x_wconf 85' lang='lat' dir='ltr'>quae</span> <span class='ocrx_word' id='word_1_192' title='bbox 950 2418 1105 2483; x_wconf 88' lang='lat' dir='ltr'>Stromat.</span> 
     </span>
     <span class='ocr_line' id='line_1_26' title="bbox 57 2441 1104 2590; baseline -0.002 -21"><span class='ocrx_word' id='word_1_193' title='bbox 57 2441 118 2569; x_wconf 79' lang='lat' dir='ltr'>lib.</span> <span class='ocrx_word' id='word_1_194' title='bbox 131 2504 176 2568; x_wconf 89' lang='lat' dir='ltr'>iii.</span> <span class='ocrx_word' id='word_1_195' title='bbox 193 2505 235 2568; x_wconf 88' lang='lat' dir='ltr'>ab</span> <span class='ocrx_word' id='word_1_196' title='bbox 256 2505 328 2590; x_wconf 90' lang='lat' dir='ltr'>ipso</span> <span class='ocrx_word' id='word_1_197' title='bbox 348 2504 511 2590; x_wconf 88' lang='lat' dir='ltr'>disputata</span> <span class='ocrx_word' id='word_1_198' title='bbox 529 2518 616 2582; x_wconf 89' lang='lat' dir='ltr'>sunt,</span> <span class='ocrx_word' id='word_1_199' title='bbox 631 2503 780 2568; x_wconf 87' lang='lat' dir='ltr'>adversus</span> <span class='ocrx_word' id='word_1_200' title='bbox 803 2504 983 2568; x_wconf 85' lang='lat' dir='ltr'>Encratitas</span> <span class='ocrx_word' id='word_1_201' title='bbox 1000 2504 1104 2568; x_wconf 88' lang='lat' dir='ltr'>inten-</span> 
     </span>
     <span class='ocr_line' id='line_1_27' title="bbox 59 2589 1106 2676; baseline 0.001 -22"><span class='ocrx_word' id='word_1_202' title='bbox 59 2591 226 2667; x_wconf 73' lang='lat' dir='ltr'>tabantur,</span> <span class='ocrx_word' id='word_1_203' title='bbox 240 2590 295 2676; x_wconf 83' lang='lat' dir='ltr'>qui</span> <span class='ocrx_word' id='word_1_204' title='bbox 311 2591 455 2654; x_wconf 88' lang='lat' dir='ltr'>ferebant</span> <span class='ocrx_word' id='word_1_205' title='bbox 477 2594 525 2668; x_wconf 74' lang='grc' dir='ltr'>τὴν</span> <span class='ocrx_word' id='word_1_206' title='bbox 545 2589 651 2672; x_wconf 75' lang='grc' dir='ltr'><strong><em>γένεσιν</em></strong></span> <span class='ocrx_word' id='word_1_207' title='bbox 665 2592 760 2663; x_wconf 75' lang='grc' dir='ltr'>ἁπλῶς</span> <span class='ocrx_word' id='word_1_208' title='bbox 775 2589 990 2676; x_wconf 74' lang='grc' dir='ltr'><strong><em>ἓπικατᾶςατον,</em></strong></span> <span class='ocrx_word' id='word_1_209' title='bbox 1008 2603 1045 2652; x_wconf 87' lang='lat' dir='ltr'>ut</span> <span class='ocrx_word' id='word_1_210' title='bbox 1058 2589 1106 2655; x_wconf 79' lang='lat' dir='ltr'>sit</span> 
     </span>
     <span class='ocr_line' id='line_1_28' title="bbox 60 2675 1104 2762; baseline -0.001 -22"><span class='ocrx_word' id='word_1_211' title='bbox 60 2676 181 2762; x_wconf 88' lang='lat' dir='ltr'>Epiph.</span> <span class='ocrx_word' id='word_1_212' title='bbox 206 2678 304 2740; x_wconf 91' lang='lat' dir='ltr'>Porro</span> <span class='ocrx_word' id='word_1_213' title='bbox 318 2678 502 2739; x_wconf 87' lang='lat' dir='ltr'>asserebant</span> <span class='ocrx_word' id='word_1_214' title='bbox 517 2675 680 2738; x_wconf 88' lang='lat' dir='ltr'>Adamum</span> <span class='ocrx_word' id='word_1_215' title='bbox 695 2675 893 2738; x_wconf 87' lang='lat' dir='ltr'>damnatum.</span> <span class='ocrx_word' id='word_1_216' title='bbox 914 2675 993 2737; x_wconf 88' lang='lat' dir='ltr'>lren.</span> <span class='ocrx_word' id='word_1_217' title='bbox 1007 2675 1064 2738; x_wconf 92' lang='lat' dir='ltr'>lib.</span> <span class='ocrx_word' id='word_1_218' title='bbox 1077 2678 1104 2739; x_wconf 92' lang='grc' dir='ltr'>Ι.</span> 
     </span>
     <span class='ocr_line' id='line_1_29' title="bbox 60 2758 1105 2860; baseline -0.001 -34"><span class='ocrx_word' id='word_1_219' title='bbox 60 2775 154 2826; x_wconf 83' lang='grc' dir='ltr'><strong>ο.3ο.</strong></span> <span class='ocrx_word' id='word_1_220' title='bbox 178 2762 340 2826; x_wconf 76' lang='lat' dir='ltr'>Fessus.</span> <span class='ocrx_word' id='word_1_221' title='bbox 384 2763 605 2860; x_wconf 87' lang='lat' dir='ltr'>Hieronymus</span> <span class='ocrx_word' id='word_1_222' title='bbox 629 2761 685 2824; x_wconf 90' lang='lat' dir='ltr'>lib.</span> <span class='ocrx_word' id='word_1_223' title='bbox 703 2761 747 2824; x_wconf 89' lang='lat' dir='ltr'>iii.</span> <span class='ocrx_word' id='word_1_224' title='bbox 769 2761 839 2824; x_wconf 84' lang='lat' dir='ltr'>ecla.</span> <span class='ocrx_word' id='word_1_225' title='bbox 861 2758 1019 2846; x_wconf 71' lang='lat' dir='ltr'>Pelagp.</span> <span class='ocrx_word' id='word_1_226' title='bbox 1034 2774 1105 2825; x_wconf 80' lang='lat'>545.</span> 
     </span>
     <span class='ocr_line' id='line_1_30' title="bbox 60 2846 1105 2931; baseline -0.002 -20"><span class='ocrx_word' id='word_1_227' title='bbox 60 2859 94 2911; x_wconf 87' lang='lat' dir='ltr'>et</span> <span class='ocrx_word' id='word_1_228' title='bbox 110 2846 256 2931; x_wconf 92' lang='lat' dir='ltr'>pluribus</span> <span class='ocrx_word' id='word_1_229' title='bbox 278 2847 358 2910; x_wconf 88' lang='lat' dir='ltr'>locis</span> <span class='ocrx_word' id='word_1_230' title='bbox 375 2848 579 2931; x_wconf 79' lang='lat' dir='ltr'>Augustinus</span> <span class='ocrx_word' id='word_1_231' title='bbox 597 2846 820 2910; x_wconf 85' lang='lat' dir='ltr'>auctoritatem</span> <span class='ocrx_word' id='word_1_232' title='bbox 845 2846 958 2908; x_wconf 88' lang='lat' dir='ltr'>harum</span> <span class='ocrx_word' id='word_1_233' title='bbox 980 2846 1105 2916; x_wconf 46' lang='lat' dir='ltr'>littera.</span> 
     </span>
     <span class='ocr_line' id='line_1_31' title="bbox 59 2930 1105 3018; baseline -0.002 -20"><span class='ocrx_word' id='word_1_234' title='bbox 59 2954 134 2998; x_wconf 85' lang='lat' dir='ltr'>rum</span> <span class='ocrx_word' id='word_1_235' title='bbox 160 2930 349 3018; x_wconf 87' lang='lat' dir='ltr'>Pelagianis,</span> <span class='ocrx_word' id='word_1_236' title='bbox 368 2946 404 2996; x_wconf 92' lang='lat' dir='ltr'>ut</span> <span class='ocrx_word' id='word_1_237' title='bbox 427 2931 547 2995; x_wconf 87' lang='lat' dir='ltr'>notavit</span> <span class='ocrx_word' id='word_1_238' title='bbox 570 2931 689 2994; x_wconf 85' lang='lat' dir='ltr'>Cellier</span> <span class='ocrx_word' id='word_1_239' title='bbox 707 2931 846 2994; x_wconf 84' lang='lat' dir='ltr'>Histoire</span> <span class='ocrx_word' id='word_1_240' title='bbox 865 2930 1027 3009; x_wconf 71' lang='lat' dir='ltr'>Generole,</span> <span class='ocrx_word' id='word_1_241' title='bbox 1045 2933 1105 2996; x_wconf 74' lang='grc' dir='ltr'>διε.</span> 
     </span>
     <span class='ocr_line' id='line_1_32' title="bbox 60 3016 1105 3103; baseline 0.001 -22"><span class='ocrx_word' id='word_1_242' title='bbox 60 3016 125 3081; x_wconf 91' lang='lat' dir='ltr'>vol.</span> <span class='ocrx_word' id='word_1_243' title='bbox 139 3017 184 3081; x_wconf 86' lang='lat' dir='ltr'>iii.</span> <span class='ocrx_word' id='word_1_244' title='bbox 199 3038 275 3103; x_wconf 88' lang='lat' dir='ltr'>pag.</span> <span class='ocrx_word' id='word_1_245' title='bbox 286 3033 357 3095; x_wconf 86' lang='lat'>590.</span> <span class='ocrx_word' id='word_1_246' title='bbox 372 3017 572 3103; x_wconf 86' lang='lat' dir='ltr'>objecerunt.</span> <span class='ocrx_word' id='word_1_247' title='bbox 618 3019 736 3080; x_wconf 87' lang='lat' dir='ltr'>Extant</span> <span class='ocrx_word' id='word_1_248' title='bbox 756 3033 863 3082; x_wconf 89' lang='lat' dir='ltr'>autem</span> <span class='ocrx_word' id='word_1_249' title='bbox 883 3033 997 3102; x_wconf 88' lang='lat' dir='ltr'>praeter</span> <span class='ocrx_word' id='word_1_250' title='bbox 1020 3018 1105 3082; x_wconf 88' lang='lat' dir='ltr'>hune</span> 
     </span>
     <span class='ocr_line' id='line_1_33' title="bbox 61 3101 1106 3189; baseline -0.002 -22"><span class='ocrx_word' id='word_1_251' title='bbox 61 3102 209 3189; x_wconf 82' lang='lat' dir='ltr'>aliosque</span> <span class='ocrx_word' id='word_1_252' title='bbox 225 3103 380 3189; x_wconf 87' lang='lat' dir='ltr'>Cypriani</span> <span class='ocrx_word' id='word_1_253' title='bbox 398 3103 487 3166; x_wconf 90' lang='lat' dir='ltr'>locos</span> <span class='ocrx_word' id='word_1_254' title='bbox 510 3103 645 3186; x_wconf 83' lang='lat' dir='ltr'>insignia</span> <span class='ocrx_word' id='word_1_255' title='bbox 660 3101 808 3187; x_wconf 86' lang='lat' dir='ltr'>quaedam</span> <span class='ocrx_word' id='word_1_256' title='bbox 830 3103 869 3164; x_wconf 87' lang='lat' dir='ltr'>de</span> <span class='ocrx_word' id='word_1_257' title='bbox 886 3115 1021 3187; x_wconf 89' lang='lat' dir='ltr'>peccato</span> <span class='ocrx_word' id='word_1_258' title='bbox 1040 3103 1106 3165; x_wconf 86' lang='lat' dir='ltr'>ori·</span> 
     </span>
     <span class='ocr_line' id='line_1_34' title="bbox 60 3186 1105 3275; baseline 0 -24"><span class='ocrx_word' id='word_1_259' title='bbox 60 3188 148 3275; x_wconf 83' lang='lat' dir='ltr'>ginis</span> <span class='ocrx_word' id='word_1_260' title='bbox 168 3186 200 3252; x_wconf 90' lang='lat' dir='ltr'>in</span> <span class='ocrx_word' id='word_1_261' title='bbox 221 3188 304 3251; x_wconf 89' lang='lat' dir='ltr'>libro</span> <span class='ocrx_word' id='word_1_262' title='bbox 321 3189 373 3251; x_wconf 86' lang='lat' dir='ltr'>De</span> <span class='ocrx_word' id='word_1_263' title='bbox 388 3187 511 3252; x_wconf 78' lang='lat' dir='ltr'>Hatita</span> <span class='ocrx_word' id='word_1_264' title='bbox 527 3187 694 3272; x_wconf 78' lang='lat' dir='ltr'>Virginem</span> <span class='ocrx_word' id='word_1_265' title='bbox 714 3209 745 3270; x_wconf 89' lang='lat' dir='ltr'>p.</span> <span class='ocrx_word' id='word_1_266' title='bbox 768 3201 844 3261; x_wconf 80' lang='lat'>1803</span> <span class='ocrx_word' id='word_1_267' title='bbox 868 3202 965 3272; x_wconf 88' lang='lat' dir='ltr'>atque</span> <span class='ocrx_word' id='word_1_268' title='bbox 987 3187 1105 3273; x_wconf 87' lang='lat' dir='ltr'>adjicio</span> 
     </span>
     <span class='ocr_line' id='line_1_35' title="bbox 60 3270 1161 3368; baseline -0.003 -29"><span class='ocrx_word' id='word_1_269' title='bbox 60 3272 250 3339; x_wconf 85' lang='lat' dir='ltr'>auctoribus</span> <span class='ocrx_word' id='word_1_270' title='bbox 264 3273 326 3336; x_wconf 89' lang='lat' dir='ltr'>illis</span> <span class='ocrx_word' id='word_1_271' title='bbox 337 3275 506 3350; x_wconf 83' lang='lat' dir='ltr'>veteribus,</span> <span class='ocrx_word' id='word_1_272' title='bbox 518 3296 599 3358; x_wconf 88' lang='lat' dir='ltr'>quos</span> <span class='ocrx_word' id='word_1_273' title='bbox 611 3273 773 3357; x_wconf 87' lang='lat' dir='ltr'>dogmatis</span> <span class='ocrx_word' id='word_1_274' title='bbox 787 3271 883 3368; x_wconf 88' lang='lat' dir='ltr'>hujus</span> <span class='ocrx_word' id='word_1_275' title='bbox 895 3270 1027 3334; x_wconf 88' lang='lat' dir='ltr'>adduxit</span> <span class='ocrx_word' id='word_1_276' title='bbox 1040 3272 1107 3336; x_wconf 86' lang='lat' dir='ltr'>vin-</span> <span class='ocrx_word' id='word_1_277' title='bbox 1158 3343 1161 3348; x_wconf 51' lang='grc'><strong>,</strong></span> 
     </span>
     <span class='ocr_line' id='line_1_36' title="bbox 61 3356 1104 3443; baseline 0.002 -20"><span class='ocrx_word' id='word_1_278' title='bbox 61 3358 151 3423; x_wconf 86' lang='lat' dir='ltr'>dices</span> <span class='ocrx_word' id='word_1_279' title='bbox 166 3360 401 3423; x_wconf 88' lang='lat' dir='ltr'>eruditissimus</span> <span class='ocrx_word' id='word_1_280' title='bbox 416 3359 554 3422; x_wconf 87' lang='lat' dir='ltr'>Vossius</span> <span class='ocrx_word' id='word_1_281' title='bbox 569 3359 601 3421; x_wconf 92' lang='lat' dir='ltr'>in</span> <span class='ocrx_word' id='word_1_282' title='bbox 618 3359 705 3421; x_wconf 88' lang='lat' dir='ltr'>Hist.</span> <span class='ocrx_word' id='word_1_283' title='bbox 720 3356 895 3443; x_wconf 81' lang='lat' dir='ltr'>Pelagznno</span> <span class='ocrx_word' id='word_1_284' title='bbox 912 3357 969 3419; x_wconf 88' lang='lat' dir='ltr'>lib.</span> <span class='ocrx_word' id='word_1_285' title='bbox 980 3357 1013 3419; x_wconf 90' lang='lat' dir='ltr'>ii.</span> <span class='ocrx_word' id='word_1_286' title='bbox 1031 3359 1065 3422; x_wconf 90' lang='lat' dir='ltr'>P.</span> <span class='ocrx_word' id='word_1_287' title='bbox 1082 3360 1104 3425; x_wconf 90' lang='lat' dir='ltr'>i.</span> 
     </span>
     <span class='ocr_line' id='line_1_37' title="bbox 62 3442 1106 3530; baseline -0.001 -20"><span class='ocrx_word' id='word_1_288' title='bbox 62 3444 147 3510; x_wconf 90' lang='lat' dir='ltr'>thes.</span> <span class='ocrx_word' id='word_1_289' title='bbox 164 3460 195 3509; x_wconf 79' lang='lat'>⁵.</span> <span class='ocrx_word' id='word_1_290' title='bbox 217 3445 436 3530; x_wconf 87' lang='lat' dir='ltr'>Theophilum</span> <span class='ocrx_word' id='word_1_291' title='bbox 459 3444 713 3520; x_wconf 88' lang='lat' dir='ltr'>Antiochenurn,</span> <span class='ocrx_word' id='word_1_292' title='bbox 733 3442 980 3518; x_wconf 87' lang='lat' dir='ltr'>Tertullianum,</span> <span class='ocrx_word' id='word_1_293' title='bbox 999 3443 1106 3527; x_wconf 87' lang='lat' dir='ltr'>(cujus</span> 
     </span>
     <span class='ocr_line' id='line_1_38' title="bbox 61 3527 1107 3614; baseline 0 -19"><span class='ocrx_word' id='word_1_294' title='bbox 61 3543 175 3595; x_wconf 84' lang='lat' dir='ltr'>tamen</span> <span class='ocrx_word' id='word_1_295' title='bbox 190 3529 412 3593; x_wconf 88' lang='lat' dir='ltr'>testimonium</span> <span class='ocrx_word' id='word_1_296' title='bbox 433 3528 596 3614; x_wconf 84' lang='lat' dir='ltr'>quoddam</span> <span class='ocrx_word' id='word_1_297' title='bbox 616 3542 888 3591; x_wconf 88' lang='lat' dir='ltr'>commemoratur</span> <span class='ocrx_word' id='word_1_298' title='bbox 910 3528 941 3591; x_wconf 91' lang='lat' dir='ltr'>in</span> <span class='ocrx_word' id='word_1_299' title='bbox 961 3527 1107 3595; x_wconf 73' lang='lat' dir='ltr'>Thesides</span> 
     </span>
     <span class='ocr_line' id='line_1_39' title="bbox 63 3613 1105 3698; baseline -0.002 -17"><span class='ocrx_word' id='word_1_300' title='bbox 63 3614 172 3681; x_wconf 81' lang='lat' dir='ltr'>Theoi.</span> <span class='ocrx_word' id='word_1_301' title='bbox 189 3626 218 3678; x_wconf 85' lang='lat' dir='ltr'>et</span> <span class='ocrx_word' id='word_1_302' title='bbox 235 3614 357 3678; x_wconf 87' lang='lat' dir='ltr'>Histor.</span> <span class='ocrx_word' id='word_1_303' title='bbox 371 3615 504 3698; x_wconf 90' lang='lat' dir='ltr'>Disput.</span> <span class='ocrx_word' id='word_1_304' title='bbox 519 3613 552 3676; x_wconf 91' lang='lat' dir='ltr'>ii.</span> <span class='ocrx_word' id='word_1_305' title='bbox 567 3615 608 3677; x_wconf 89' lang='lat' dir='ltr'>ab</span> <span class='ocrx_word' id='word_1_306' title='bbox 621 3614 694 3677; x_wconf 91' lang='lat' dir='ltr'>eod.</span> <span class='ocrx_word' id='word_1_307' title='bbox 710 3613 853 3695; x_wconf 90' lang='lat' dir='ltr'>Vossio,)</span> <span class='ocrx_word' id='word_1_308' title='bbox 873 3616 897 3678; x_wconf 91' lang='lat' dir='ltr'>F</span> <span class='ocrx_word' id='word_1_309' title='bbox 899 3614 1105 3696; x_wconf 88' lang='lat' dir='ltr'>irmilianum,</span> 
     </span>
     <span class='ocr_line' id='line_1_40' title="bbox 63 3699 1106 3787; baseline 0 -22"><span class='ocrx_word' id='word_1_310' title='bbox 63 3701 362 3787; x_wconf 89' lang='lat' dir='ltr'>Hippolytumque,</span> <span class='ocrx_word' id='word_1_311' title='bbox 392 3699 625 3764; x_wconf 89' lang='lat' dir='ltr'>vetustissimos</span> <span class='ocrx_word' id='word_1_312' title='bbox 655 3699 853 3784; x_wconf 87' lang='lat' dir='ltr'>scriptores3</span> <span class='ocrx_word' id='word_1_313' title='bbox 891 3721 949 3763; x_wconf 90' lang='lat' dir='ltr'>nec</span> <span class='ocrx_word' id='word_1_314' title='bbox 979 3699 1106 3781; x_wconf 89' lang='lat' dir='ltr'>dubito,</span> 
     </span>
     <span class='ocr_line' id='line_1_41' title="bbox 63 3783 1107 3872; baseline 0.002 -22"><span class='ocrx_word' id='word_1_315' title='bbox 63 3787 143 3872; x_wconf 91' lang='lat' dir='ltr'>quin</span> <span class='ocrx_word' id='word_1_316' title='bbox 160 3786 277 3849; x_wconf 90' lang='lat' dir='ltr'>horum</span> <span class='ocrx_word' id='word_1_317' title='bbox 293 3786 388 3848; x_wconf 91' lang='lat' dir='ltr'>dictis</span> <span class='ocrx_word' id='word_1_318' title='bbox 402 3784 477 3849; x_wconf 87' lang='lat' dir='ltr'>addi</span> <span class='ocrx_word' id='word_1_319' title='bbox 493 3799 652 3848; x_wconf 87' lang='lat' dir='ltr'>mereatur</span> <span class='ocrx_word' id='word_1_320' title='bbox 668 3783 848 3847; x_wconf 88' lang='lat' dir='ltr'>Clementis</span> <span class='ocrx_word' id='word_1_321' title='bbox 869 3785 1007 3848; x_wconf 83' lang='lat' dir='ltr'>Romani</span> <span class='ocrx_word' id='word_1_322' title='bbox 1026 3785 1107 3852; x_wconf 89' lang='lat' dir='ltr'>illud</span> 
     </span>
     <span class='ocr_line' id='line_1_42' title="bbox 61 3869 1106 3955; baseline 0 -19"><span class='ocrx_word' id='word_1_323' title='bbox 61 3872 97 3936; x_wconf 90' lang='lat' dir='ltr'>in</span> <span class='ocrx_word' id='word_1_324' title='bbox 113 3869 262 3955; x_wconf 84' lang='lat' dir='ltr'>Epistola</span> <span class='ocrx_word' id='word_1_325' title='bbox 276 3871 319 3934; x_wconf 86' lang='lat' dir='ltr'>ad</span> <span class='ocrx_word' id='word_1_326' title='bbox 335 3869 519 3947; x_wconf 82' lang='lat' dir='ltr'>Corinthios,</span> <span class='ocrx_word' id='word_1_327' title='bbox 534 3892 606 3954; x_wconf 83' lang='lat' dir='ltr'>cap.</span> <span class='ocrx_word' id='word_1_328' title='bbox 621 3883 671 3934; x_wconf 81' lang='lat'>38.</span> <span class='ocrx_word' id='word_1_329' title='bbox 710 3869 872 3933; x_wconf 88' lang='lat' dir='ltr'>Caeterum</span> <span class='ocrx_word' id='word_1_330' title='bbox 889 3869 921 3932; x_wconf 92' lang='lat' dir='ltr'>in</span> <span class='ocrx_word' id='word_1_331' title='bbox 936 3870 1042 3955; x_wconf 83' lang='lat' dir='ltr'>Epist.</span> <span class='ocrx_word' id='word_1_332' title='bbox 1054 3879 1106 3947; x_wconf 83' lang='lat'>66.</span> 
     </span>
     <span class='ocr_line' id='line_1_43' title="bbox 90 3954 1106 4040; baseline 0.002 -20"><span class='ocrx_word' id='word_1_333' title='bbox 90 3973 183 4035; x_wconf 82' lang='lat'>.593.</span> <span class='ocrx_word' id='word_1_334' title='bbox 200 3969 281 4019; x_wconf 90' lang='lat' dir='ltr'>tom.</span> <span class='ocrx_word' id='word_1_335' title='bbox 294 3957 326 4020; x_wconf 91' lang='lat' dir='ltr'>ii.</span> <span class='ocrx_word' id='word_1_336' title='bbox 347 3956 399 4020; x_wconf 91' lang='lat' dir='ltr'>ed.</span> <span class='ocrx_word' id='word_1_337' title='bbox 414 3955 632 4020; x_wconf 86' lang='lat' dir='ltr'>Benedictinae</span> <span class='ocrx_word' id='word_1_338' title='bbox 647 3954 854 4040; x_wconf 87' lang='lat' dir='ltr'>Augustinus</span> <span class='ocrx_word' id='word_1_339' title='bbox 877 3955 948 4017; x_wconf 89' lang='lat' dir='ltr'>haec</span> <span class='ocrx_word' id='word_1_340' title='bbox 975 3957 1085 4022; x_wconf 89' lang='lat' dir='ltr'>scribit</span> <span class='ocrx_word' id='word_1_341' title='bbox 1095 3981 1106 4036; x_wconf 91' lang='lat'>;</span> 
     </span>
     <span class='ocr_line' id='line_1_44' title="bbox 62 3979 1106 4128; baseline -0.001 -22"><span class='ocrx_word' id='word_1_342' title='bbox 62 3979 185 4108; x_wconf 59' lang='lat' dir='ltr'>beatas</span> <span class='ocrx_word' id='word_1_343' title='bbox 195 4041 320 4128; x_wconf 80' lang='lat' dir='ltr'>quidem</span> <span class='ocrx_word' id='word_1_344' title='bbox 334 4040 512 4127; x_wconf 82' lang='lat' dir='ltr'>Cyprianus</span> <span class='ocrx_word' id='word_1_345' title='bbox 524 4063 584 4104; x_wconf 80' lang='lat' dir='ltr'>nort</span> <span class='ocrx_word' id='word_1_346' title='bbox 598 4038 727 4126; x_wconf 82' lang='lat' dir='ltr'>aliquod</span> <span class='ocrx_word' id='word_1_347' title='bbox 741 4039 894 4103; x_wconf 81' lang='lat' dir='ltr'>decretum</span> <span class='ocrx_word' id='word_1_348' title='bbox 909 4040 1037 4104; x_wconf 84' lang='lat' dir='ltr'>condens</span> <span class='ocrx_word' id='word_1_349' title='bbox 1052 4065 1106 4105; x_wconf 88' lang='lat' dir='ltr'>mo-</span> 
     </span>
     <span class='ocr_line' id='line_1_45' title="bbox 63 4124 1107 4212; baseline -0.001 -20"><span class='ocrx_word' id='word_1_350' title='bbox 63 4131 150 4207; x_wconf 74' lang='lat' dir='ltr'>vmn,</span> <span class='ocrx_word' id='word_1_351' title='bbox 169 4127 223 4192; x_wconf 88' lang='lat' dir='ltr'>sed</span> <span class='ocrx_word' id='word_1_352' title='bbox 243 4125 495 4210; x_wconf 78' lang='lat' dir='ltr'>ecclesicefidem</span> <span class='ocrx_word' id='word_1_353' title='bbox 502 4124 733 4211; x_wconf 76' lang='lat' dir='ltr'>firmissimam·</span> <span class='ocrx_word' id='word_1_354' title='bbox 745 4147 871 4189; x_wconf 83' lang='lat' dir='ltr'>servans</span> <span class='ocrx_word' id='word_1_355' title='bbox 890 4125 933 4189; x_wconf 86' lang='lat' dir='ltr'>ad</span> <span class='ocrx_word' id='word_1_356' title='bbox 952 4124 1107 4212; x_wconf 69' lang='lat' dir='ltr'>corrigam</span> 
     </span>
     <span class='ocr_line' id='line_1_46' title="bbox 64 4209 1110 4301; baseline 0 -23"><span class='ocrx_word' id='word_1_357' title='bbox 64 4213 144 4300; x_wconf 84' lang='lat' dir='ltr'>dum</span> <span class='ocrx_word' id='word_1_358' title='bbox 157 4235 218 4297; x_wconf 80' lang='lat' dir='ltr'>eos,</span> <span class='ocrx_word' id='word_1_359' title='bbox 239 4212 293 4300; x_wconf 83' lang='lat' dir='ltr'>qai</span> <span class='ocrx_word' id='word_1_360' title='bbox 309 4211 466 4301; x_wconf 72' lang='lat' dir='ltr'>patebant</span> <span class='ocrx_word' id='word_1_361' title='bbox 491 4222 564 4295; x_wconf 79' lang='lat' dir='ltr'>ante</span> <span class='ocrx_word' id='word_1_362' title='bbox 586 4221 728 4301; x_wconf 80' lang='lat' dir='ltr'>octavum</span> <span class='ocrx_word' id='word_1_363' title='bbox 747 4209 1037 4296; x_wconf 30' lang='lat' dir='ltr'>diem&#39;nptivitutis</span> <span class='ocrx_word' id='word_1_364' title='bbox 1050 4234 1110 4278; x_wconf 82' lang='lat' dir='ltr'>non</span> 
     </span>
    </p>
   </div>
   <div class='ocr_carea' id='block_1_3' title="bbox 0 0 1348 4756">
    <p class='ocr_par' dir='ltr' id='par_1_3' title="bbox 0 0 1348 4756">
     <span class='ocr_line' id='line_1_47' title="bbox 0 0 1348 4756; baseline 0 0"><span class='ocrx_word' id='word_1_365' title='bbox 0 0 1348 4756; x_wconf 95' lang='lat' dir='ltr'> </span> 
     </span>
    </p>
   </div>
  </div>
 </body>
</html>
