2678 4756
155 272 287 370 “qs
479 268 485 283 '
560 249 946 352 iunorarroriss'
1127 260 1130 267 '

223 450 375 519 nimirum
392 462 429 517 ut
442 450 583 533 ordines,
605 453 669 518 sive
682 476 740 541 per
754 454 998 542 surreptionem,
1018 451 1082 516 sire
1098 449 1179 519 alias
1192 442 1270 518 col>
1311 484 1318 499 ·

224 536 281 603 tati
295 537 480 602 horninibus
495 537 575 602 olim
590 540 842 605 Novatianarum
860 538 1011 625 partium,
1027 539 1165 624 κώαροῖς
1176 538 1265 617 uari,

224 622 285 689 rati
299 623 496 687 habeantur:
519 623 688 688 criminum
705 647 780 689 vero
795 625 992 711 graviorum,
1006 635 1063 687 aut
1076 624 1109 687 A
1173 621 1268 689 tesiu-

223 708 400 794 compertis
414 709 577 790 concessi3
601 731 729 796 prorsus
749 711 829 774 irriti
849 710 1058 774 aestimentur.
1185 705 1265 773 nihil

223 806 344 858 statuo.
384 795 494 858 Unum
518 794 685 859 observare
707 794 813 860 liceat.
850 796 895 858 D.
910 792 1133 880 Augustinum
1154 792 1214 880 qui
1231 791 1265 859 in

222 878 376 964 baptismi
399 879 533 965 negotio
549 877 704 966 Cypriani
726 879 917 946 auctoritate
938 880 1115 965 plurimum
1136 898 1275 965 preme·-

224 962 330 1043 batur,
344 985 449 1028 causae
462 986 528 1028 suae
540 963 689 1030 adversus
699 979 765 1030 tam
838 987 874 1029 ve
887 964 1122 1064 praejudicium,
1131 964 1270 1027 unicum·

224 1049 292 1114 fere
305 1048 488 1135 praesidium
503 1049 663 1135 petivisse,
700 1050 765 1115 uod
802 1053 911 1128 iceret,
927 1048 1008 1114 mhil
1022 1049 1064 1114 ab
1076 1046 1266 1113 ecclesiaeo

224 1152 329 1220 nsque
344 1134 521 1214 definitum,
536 1149 570 1199 et
582 1072 713 1220 proinde
726 1135 882 1222 Cypriani
893 1156 1033 1199 errorem
1048 1132 1105 1221 qui
1115 1132 1267 1199 doeeaso·

222 1241 296 1286 rum
311 1218 437 1306 placitis
452 1237 485 1283 et
500 1219 635 1285 decretis
651 1219 815 1285 mordicus
835 1220 1015 1298 insistebat,
1037 1230 1127 1284 extra
1146 1238 1266 1283 noxam

222 1304 341 1372 tuisse:
364 1305 541 1391 ptaesertim
565 1326 640 1371 cum
668 1304 830 1370 neminem
855 1304 1085 1370 condemnaret
1109 1302 1168 1391 qui
1189 1300 1266 1368 alibi

223 1391 373 1477 gentium
388 1410 499 1476 agens,
515 1391 571 1455 ubi
586 1411 724 1455 canones
739 1390 792 1455 isti
808 1408 873 1455 non
887 1389 1106 1465 obtinuerant,
1120 1386 1269 1453 eeclesiae

225 1497 293 1541 suae
301 1475 445 1538 moribus
452 1488 605 1539 uteretur.
622 1478 785 1541 Faenus.
803 1475 971 1540 Postiecta
978 1474 1114 1561 egregia
1121 1473 1196 1551 ists,
1205 1471 1265 1538 ad·

225 1559 284 1625 das
293 1559 549 1658 eautiliter,quae
558 1560 744 1624 Pearsonius
755 1561 794 1625 de
804 1559 892 1626 Afris
902 1559 1014 1625 eadem
1024 1557 1268 1658 senteutiaperss

226 1645 386 1711 stantibus
401 1658 510 1729 posuit
523 1646 555 1709 in
570 1645 689 1710 Annal.
708 1646 858 1732 Cyprias.
874 1645 915 1710 ad
930 1668 983 1709 an.
999 1657 1069 1720 257.
1086 1656 1168 1708 sect.
1184 1642 1218 1707 ir.
1233 1645 1269 1707 et

225 1730 271 1797 iii.
293 1730 347 1794 De
360 1730 586 1795 haereticorum
601 1742 709 1795 autem
725 1732 888 1817 baptismo
903 1729 1029 1816 aliquot
1039 1728 1102 1794 alia
1111 1740 1269 1814 praterea

226 1835 334 1900 supra,
350 1837 425 1879 cum
445 1815 486 1879 ad
506 1815 633 1880 initium
654 1817 817 1881 Concrn.
834 1815 1038 1883 Ctarrrao.
1053 1834 1091 1879 v.
1112 1825 1148 1879 ct
1169 1807 1269 1900 hujus

227 1898 330 1989 ipsine
345 1900 480 1988 Synodi,
495 1913 567 1966 tum
582 1901 670 1979 aiibi,
684 1914 835 1966 annotata
850 1913 936 1966 sunt.

271 1985 436 2051 Caeterum
463 1987 505 2049 cl.
527 1986 747 2064 Marshallus,
766 1985 921 2086 Cypriani
949 1986 1115 2071 interpres,
1144 1982 1203 2072 qui
1226 1981 1273 2048 de

226 2071 374 2158 Septimo
390 2071 454 2136 hoc
466 2071 662 2160 Cyprianico
675 2071 824 2136 Concilio
836 2070 994 2136 eruditam
1006 2067 1269 2136 Dissertatiarrerrt

229 2157 388 2242 Cypriane
410 2179 462 2242 saa
484 2158 614 2245 adjecit,
639 2158 723 2221 inter
744 2157 807 2222 alia
828 2158 933 2222 multa
949 2157 1020 2220 haec
1041 2154 1108 2220 duo
1130 2154 1273 2241 probare

227 2243 373 2330 pluribus
395 2243 593 2327 argumentis
616 2265 634 2306 a
684 2264 786 2307 ressus
808 2256 868 2307 est.
916 2240 1058 2306 Primum
1080 2240 1122 2305 ab
1140 2260 1182 2304 eo
1203 2238 1269 2304 hoc

227 2328 390 2393 monitum
405 2339 465 2404 est,
480 2327 568 2413 quod
581 2342 642 2392 etc
658 2329 831 2392 .Maranus
844 2327 877 2391 in
889 2325 1088 2412 Praefatioae
1099 2323 1143 2388 ad
1156 2324 1190 2389 S.
1206 2324 1270 2411 Cy·

225 2412 333 2500 priarrt'
356 2411 415 2496 Op.
438 2411 578 2476 ostendit
598 2434 630 2496 p.
642 2412 708 2476 xiii.
725 2427 760 2476 et
781 2413 842 2477 xiv.
865 2412 948 2476 inter
969 2432 1082 2477 omnes
1100 2422 1269 2495 utcunque

226 2498 268 2563 de
287 2495 419 2561 veritate
437 2496 588 2582 baptismi
607 2497 831 2562 haereticorum
853 2496 1053 2582 disputantes
1072 2506 1268 2560 eonsensum

226 2583 336 2659 fuisse,
360 2581 558 2668 baptismum
579 2582 813 2647 illum'nullum
837 2581 956 2646 habere
978 2581 1089 2646 salutis
1104 2580 1269 2658 effectum,

225 2668 332 2733 donec
355 2666 561 2732 confirmatus
584 2668 682 2731 fuerit
704 2668 895 2733 auctoritate
916 2666 1061 2732 ecclesiae
1079 2677 1180 2752 atque
1198 2665 1269 2752 epi·

227 2766 284 2820 'sco
308 2752 319 2816 i
334 2773 431 2838 super
441 2764 632 2818 revertentes
644 2753 685 2816 ad
699 2753 881 2818 ecclesiam.
909 2752 1050 2828 Deinde,
1064 2750 1269 2837 Cypriorum

227 2852 261 2905 et
276 2775 409 2902 demum
424 2859 536 2902 omnes
549 2838 754 2923 judicavisse,
769 2837 945 2924 disciplinae
960 2837 1065 2922 magis
1079 2857 1179 2922 quam
1194 2832 1270 2900 fidei

228 2945 296 2991 rem
311 2937 548 2988 controversam
564 2945 653 3002 esse3
677 2937 774 3009 atque
788 2923 834 2988 ita
849 2923 993 2986 eeclesiae
1007 2923 1132 2986 licitum
1146 2942 1218 2985 esse
1230 2941 1270 2985 ex

226 3009 432 3097 dispensandi
446 3008 521 3095 jure
540 3030 599 3072 suo
618 3009 797 3094 baptismos
819 3007 1001 3073 istiusmodi
1021 3006 1070 3071 vel
1090 3004 1199 3070 irritos
1221 3003 1270 3070 rel

229 3095 373 3161 firmatos
387 3094 525 3172 habere3
548 3099 731 3181 quanquam
753 3095 894 3158 multum
917 3094 999 3159 inter
1018 3114 1052 3156 se
1066 3089 1269 3178 discrepave-

227 3181 292 3246 rint
307 3193 427 3246 veteres
442 3179 489 3244 illi
503 3179 544 3243 de
558 3202 598 3244 eo
614 3179 702 3266 quod
718 3179 759 3243 ab
775 3179 910 3244 ecelesia
924 3178 991 3242 fieri
1002 3189 1178 3262 oporteret.
1216 3174 1269 3241 Ad

227 3266 388 3354 posterius
403 3265 466 3329 hoc
481 3264 568 3350 quod
581 3268 707 3344 attinet,
718 3286 757 3328 an
766 3265 856 3328 istaec
866 3263 1002 3350 quaestio
1013 3263 1054 3326 ad
1064 3260 1268 3347 disciplinam
1289 3268 1296 3287 ⁸

228 3351 333 3438 magis
356 3372 453 3436 quam
475 3349 516 3413 ad
537 3350 631 3414 fidem
653 3350 811 3436 pertinere
827 3349 905 3414 olim
923 3360 1117 3425 censeretur,
1140 3346 1195 3410 aiii
1213 3346 1270 3412 viri

230 3435 410 3501 doctissimi
424 3448 511 3499 recte
524 3434 733 3514 dubitarunt3
755 3435 816 3499 etsi
828 3457 893 3498 non
908 3435 953 3498 ita
972 3457 991 3497 a
1005 3430 1188 3497 seinvicem
1205 3431 1271 3496 vio·

227 3521 287 3586 lari
302 3520 399 3584 fidem
411 3519 565 3583 alterutra
579 3540 652 3604 pars
663 3521 832 3605 putaverit,
845 3532 882 3584 ut
894 3518 1067 3583 haereticos
1079 3537 1148 3581 esse
1160 3516 1271 3581 adver-

226 3603 510 3691 sariosjudicaret.
555 3603 640 3668 Vide
654 3605 737 3669 inter
750 3605 830 3669 alios
842 3607 1001 3669 Joannem
1018 3603 1159 3667 Placette
1169 3604 1214 3665 V.
1225 3602 1269 3667 D.

229 3691 263 3756 in
278 3688 453 3754 Observatt.
465 3687 767 3754 Historias-Ecaten.
782 3711 814 3776 p.
826 3701 996 3754 loa—114.
1026 3686 1184 3751 Disertim
1197 3687 1270 3774 qui·

227 3775 305 3840 dem
321 3775 367 3840 ait
379 3773 582 3871 Augustinus
599 3774 654 3840 iib.
671 3799 699 3839 v.
714 3776 752 3840 de
765 3775 929 3860 Baptistae
943 3795 1016 3859 cap.
1024 3786 1074 3837 25.
1088 3770 1200 3836 vicisse
1209 3786 1270 3855 pa·

228 3883 296 3926 cem
326 3858 444 3923 Christe
473 3859 506 3923 ia
534 3858 673 3924 sordidas
700 3883 804 3925 earam
833 3860 1001 3946 (Stephani
1025 3869 1059 3922 et
1083 3855 1270 3943 Cypriani),

230 3955 268 4024 at
284 3945 316 4011 ia
333 3932 393 4009 tali
406 3943 627 4030 disceptatione
641 3945 764 4010 nullum
785 3945 867 4010 inter
887 3966 935 4009 ear
956 3941 1074 4007 molam
1094 3941 1271 4007 schismatis

230 4031 374 4097 oriretur.
399 4031 444 4095 At
458 4029 580 4095 interea
591 4029 745 4096 Placettio
756 4031 858 4095 visum
872 4043 922 4094 est
935 4029 1139 4113 Stephanum
1154 4027 1274 4114 reipsa

228 4116 528 4182 excommunicasse
556 4114 797 4194 dissentientes;
828 4115 917 4202 quod
942 4114 1075 4202 quidem
1101 4111 1274 4177 verisimile

228 4203 309 4272 facit
323 4203 415 4269 locus
431 4201 606 4268 Firmiliaui
621 4223 717 4290 supra
738 4201 896 4268 adductus
911 4200 952 4267 ad
968 4221 1044 4289 pag.
1061 4211 1129 4264 152.
1172 4198 1274 4265 Tem·
