2678 4756
118 300 128 311 ‘
228 273 299 359 sis
571 279 936 361 ANNOTATIONES
973 350 994 363 ,,

279 454 315 517 Ρ.
326 462 378 528 74.
392 451 419 517 l.
431 465 482 519 tc.
502 451 622 518 decreti
635 452 754 537 nostri}
770 453 870 518 Cous.
886 452 1001 539 prioris
1014 455 1172 541 Epistola
1187 455 1265 523 init.

267 537 464 605 ,Ibid.l.16.
486 537 554 603 sine
576 539 681 625 petitu
701 553 736 604 et
757 539 954 605 conscientia
997 539 1095 625 lebis}
1116 543 1198 616 Hoc
1220 566 1282 609 sre-

230 623 366 711 ,pissime
388 624 478 703 dicit,
495 624 714 689 communicate
737 623 833 688 etium
855 647 924 690 cam
943 561 1031 711 pldle
1053 627 1194 693 cursilis.
1218 630 1283 699 Ri-

228 728 406 778 secutus
425 732 444 774 a
459 711 483 772 F
484 710 548 775 ello
561 710 690 775 allatus.

279 794 365 860 Ibid.
380 794 403 861 l.
418 808 465 872 17.
489 795 578 861 nulla
594 795 779 861 infirmitate
801 808 937 880 urgente
958 816 997 863 ac
1017 797 1211 865 necessitate
1223 822 1281 867 oo·

233 882 348 967 gente]
364 869 544 967 Significsri
562 881 626 946 hoc
647 881 721 946 loco
740 881 900 967 Anglicus
913 894 1026 946 monet
1040 882 1202 970 interpres
1215 887 1284 961 duo

291 965 433 1031 nitentise
455 967 646 1047 laxamenta,
669 990 743 1054 quae
768 968 800 1032 in
825 966 951 1032 duabus
972 967 1106 1056 synodis
1127 990 1284 1037 concemc

233 986 374 1132 guttam,
388 1075 525 1140 quorum
540 1053 677 1118 alterum
695 1052 904 1138 permittebat
916 1052 1167 1133 absolutionem,
1183 1079 1281 1142 quam

232 1137 384 1209 clinicam
398 1153 502 1217 vocat,
517 1138 558 1203 de
572 1139 637 1204 vita
650 1137 917 1224 periclitantibus,
931 1138 1068 1204 alterum
1088 1139 1282 1225 ignoscebst

228 1223 479 1311 ,poeuitentibus‚
495 1226 666 1312 ingruente
680 1224 903 1311 persecutione
922 1237 957 1289 et
976 1224 1203 1299 minitantibus
1222 1227 1279 1293 iui-

234 1310 307 1397 quis
322 1312 536 1398 temporibus.

246 1428 251 1433 ·
279 1395 364 1461 Ibid.
379 1397 465 1461 1.24.
487 1399 653 1484 Quantum
670 1418 746 1462 rere
763 1395 841 1480 δια]
857 1394 947 1460 Citat
959 1393 1047 1459 hunc
1061 1393 1174 1463 locum
1190 1419 1281 1469 sanc-

230 1492 288 1546 tus
300 1481 503 1567 Augustinus
516 1482 573 1547 lib.
584 1484 627 1549 iv.
641 1495 754 1547 contra
769 1482 849 1546 duas
864 1479 1017 1567 epistolas
1033 1481 1282 1569 Pelagienorum

234 1586 306 1652 cap.
319 1580 349 1631 8.
370 1568 584 1633 Bauuzrus.

280 1652 367 1717 Ibid.
381 1653 404 1717 l.
417 1660 469 1718 26.
492 1653 649 1740 baptizari
667 1675 734 1718 non
748 1652 917 1752 oportere}
929 1653 983 1717 De
996 1652 1162 1738 baptismo
1177 1650 1280 1723 intiu-

233 1736 317 1803 tium
333 1738 403 1803 vide
416 1739 596 1824 Josephum
612 1739 848 1804 Vicecomrtem
871 1739 928 1803 lib.
944 1737 977 1802 ii.
993 1758 1067 1824 cap.
1082 1754 1110 1804 1.
1125 1738 1169 1805 de
1184 1741 1281 1807 Anti-

234 1823 308 1910 quis
328 1825 486 1911 Baptismi
509 1824 636 1890 Ritibus
651 1837 685 1890 et
702 1825 828 1911 Scripta
840 1824 1022 1910 Anglicana
1037 1824 1156 1890 Buceri
1170 1832 1283 1911 poce.

234 1914 306 1984 667.
319 1920 389 1985 781.
425 1909 510 1975 Vide
524 1910 622 1976 etiam
639 1923 811 1976 tractatum
832 1909 985 1975 Florentii
1002 1909 1114 1975 Conrii
1128 1910 1172 1975 de
1187 1911 1283 1981 Statu

234 1993 445 2061 Parvulorum
461 1996 532 2061 sine
544 1996 707 2081 baptismo
722 1996 959 2062 decedentium.
981 1996 1198 2061 anuzlus.

279 2081 366 2146 Ibid.
388 2081 411 2146 l.
431 2096 481 2146 28.
508 2081 788 2163 sanctificandum]
815 2083 865 2144 lta
888 2101 1000 2145 omnes
1024 2081 1282 2157 editionessute

174 2246 178 2257 Ι
234 2166 449 2232 Pemeliauam
473 2181 507 2232 et
529 2167 674 2254 plerique
697 2167 771 2233 libri
796 2180 927 2232 veteres.
973 2166 1131 2231 Pamelius
1153 2168 1284 2254 scripsit

233 2252 485 2338 sacrificandum.
509 2254 560 2318 Ita
571 2254 667 2319 etiam
680 2253 852 2338 Rigaltius,
863 2250 1008 2337 quamvis
1019 2251 1221 2331 Goulartius,
1232 2275 1283 2317 re-

258 2338 368 2402 udiata
383 2338 523 2403 lectione
539 2339 682 2416 Pamelii,
695 2338 873 2424 scripsisset
885 2335 1152 2420 sanctificandum.
1184 2340 1283 2403 Hanc

232 2359 409 2491 lectionem
432 2425 615 2489 maluerunt
636 2424 749 2510 Angli.
795 2426 895 2487 Recte
921 2422 1064 2508 quidem.
1109 2425 1170 2488 Est
1193 2424 1283 2489 enim

234 2509 370 2663 {ptime
404 2509 489 2575 Vide
512 2509 692 2597 Epistulam
707 2515 759 2585 76.
781 2508 823 2573 ad
845 2510 1007 2594 Magnum
1030 2530 1109 2594 pag.
1127 2523 1196 2574 152.
1214 2525 1283 2575 155.

266 2614 447 2660 Asuuius.

280 2680 364 2746 Ibid.
381 2682 403 2745 l.
418 2696 469 2759 29.
491 2680 523 2744 in
545 2680 684 2746 concilio
703 2693 814 2744 nostro
836 2678 986 2743 omnibus
1003 2677 1103 2743 visum
1126 2681 1191 2763 est]
1209 2681 1283 2745 Au-

231 2767 385 2851 gustinus
406 2768 463 2832 lib.
481 2766 521 2830 iv.
538 2766 578 2831 de
599 2767 694 2852 Bept.
719 2778 832 2830 contra
856 2764 1046 2829 Donatistas
1070 2786 1144 2849 cap.
1164 2779 1217 2844 23,
1231 2779 1284 2831 24.

235 2851 413 2921 Infantium
427 2853 624 2938 baptismum
638 2851 803 2915 traditioni
817 2850 1002 2936 apostolicae
1018 2849 1183 2929 adscribit,
1197 2851 1284 2927 hauc

234 2940 384 3035 regulam
399 2959 594 3036 proponens,
611 2936 701 3022 Quod
714 2936 859 3023 universa
882 2946 964 3000 tenet
987 2934 1124 3014 ecclesio,
1140 2958 1196 3000 nec
1209 2959 1283 3001 ecs·

236 3022 319 3087 ciliis
334 3022 525 3102 institutum,
542 3023 595 3086 sed
608 3037 727 3106 semper
740 3031 895 3086 retentum
907 3032 965 3099 est,
980 3044 1040 3085 noa
1062 3020 1124 3086 uisi
1144 3021 1281 3087 aucteri-

237 3119 304 3174 tate
316 3109 483 3194 apostoliea
498 3109 651 3173 traditum
665 3107 834 3172 rectissime
848 3106 993 3170 creditur.
1034 3107 1128 3171 Licet
1141 3107 1176 3172 in
1192 3108 1283 3173 Cou-

234 3194 312 3259 cilio
332 3196 396 3260 hoc
419 3193 678 3280 Carthaginiensi
698 3198 750 3256 66.
765 3193 1003 3278 episcoporum,
1022 3191 1161 3256 omnibus
1182 3193 1285 3258 uisum

235 3281 279 3346 sit
287 3301 306 3360 ,·‘
321 3281 405 3346 nulli
419 3280 576 3345 buccinum
590 3274 663 3346 aiolo
678 3277 920 3343 misericordium
936 3278 1010 3356 Dei,
1027 3288 1058 3341 et
1071 3278 1218 3364 gratiam
1230 3279 1284 3345 de-

234 3368 412 3454 negandum
421 3393 435 3446 ,-
456 3367 527 3431 haec
545 3389 610 3431 non
630 3365 673 3430 ad
693 3363 985 3450 paedobaptismum
1000 3362 1211 3429 statuendum
1226 3365 1284 3431 ed·

236 3452 336 3516 ducta
350 3453 406 3538 qui
420 3452 498 3516 olim
515 3451 655 3517 obtinuit
668 3474 678 3530 ;
701 3449 757 3513 sed
772 3448 813 3514 ad
827 3449 980 3515 Afrorum
998 3448 1059 3516 hac
1073 3449 1106 3513 in
1120 3470 1157 3513 re
1172 3449 1284 3536 judei·

236 3538 382 3603 santium
405 3559 547 3601 errorem
571 3535 783 3600 refellendum
806 3535 940 3612 vibrata,
955 3534 1011 3620 qui
1026 3533 1066 3598 ad
1086 3533 1176 3599 diem
1192 3550 1284 3603 octa-

236 3644 326 3700 vum,
345 3622 583 3687 circumcisioni
604 3622 683 3687 olim
706 3620 936 3706 praestitutum,
953 3621 1052 3684 ritum
1074 3618 1169 3684 illum
1190 3621 1284 3691 diffe-

233 3708 374 3773 rendum
389 3708 573 3772 censebant.
595 3709 758 3772 Faunus.
801 3708 906 3770 Notat
920 3704 1085 3783 Baluzius‚
1099 3727 1215 3771 vocem
1228 3704 1285 3784 def

235 3815 307 3859 esse
321 3791 470 3873 crealiter,
485 3813 583 3880 quam
603 3792 695 3857 valde
719 3791 913 3876 superfluam
937 3789 1091 3876 appellat,
1107 3788 1285 3878 inseptem

236 3879 405 3945 codicibus
430 3879 581 3965 antiquis,
607 3893 715 3944 estare
740 3892 851 3942 tamen
877 3877 921 3941 ait
946 3876 1033 3963 apud
1054 3877 1284 3962 Augustinus.

235 3966 302 4031 Sed
316 3964 357 4030 de
370 3964 543 4031 inutilitate
557 3964 627 4052 ejus
641 3961 722 4028 mihi
736 3961 843 4027 adhuc
858 3983 923 4026 non
937 3974 1075 4027 constat.

237 4097 240 4101 -
282 4053 317 4115 P.
330 4063 380 4126 75.
397 4050 420 4114 l.
431 4063 462 4116 4.
486 4050 574 4115 nulla
587 4050 696 4115 anima
710 4047 874 4134 perdenda
888 4051 950 4134 est]
968 4048 1057 4113 Citat
1069 4047 1158 4115 hunc
1171 4048 1283 4117 locum

235 4151 366 4203 sanctus
381 4135 586 4223 Augustinus
606 4135 640 4200 in
659 4133 798 4220 epistola
818 4133 860 4201 sd
880 4133 1123 4223 Hieronymum
1145 4134 1188 4203 de
1207 4134 1282 4217 Ori·

236 4221 313 4311 gine
327 4222 533 4292 Animarum.
552 4222 767 4322 Bituitus.
