2678 4756
202 245 281 359 ,a
486 245 981 339 saurauer-suurn.

223 474 333 583 ''Q'ooe
347 472 528 583 sequautur,
538 492 644 581 posuit
658 450 777 559 Auct'dr
788 472 971 581 Aooopmus
985 448 1176 579 dlugmenti
1188 487 1228 557 de

552 601 920 711 SodismctoJMeletiano.
1010 670 1014 675 ,

222 732 229 837 ζ
256 758 343 837 Hanc
358 757 510 839 epistolam
523 768 676 838 postquam
688 757 814 837 suscepit
826 766 857 817 et
866 755 948 834 legit,
961 762 1018 815 uec
1027 753 1190 831 mcrlprlt,
1203 766 1255 810 neo

217 866 255 949 ad
274 885 322 924 eos
341 865 467 944 perrexit
479 865 516 923 ad
529 884 682 934 carcerem,
696 883 750 923 nec
768 863 806 931 ad
816 863 934 932 beatum
947 861 1139 930 Paeonum
1163 858 1271 916 omni-2

216 970 270 1031 bus
285 979 385 1031 autern
402 970 447 1031 his
464 969 620 1049 episcopis,
635 969 818 1048 prestheris,
834 987 868 1027 ac
883 966 1051 1037 diuooibuc
1067 964 1274 1033 ,Alexandrino

217 1062 294 1157 apud
315 1095 457 1134 carcerem
476 1076 642 1154 martyrium
663 1074 765 1154 passis,
778 1075 921 1151 ingressus
940 1072 1115 1145 estantiurj
1127 1069 1253 1141 Alexan·

217 1176 317 1240 driam.
344 1180 418 1238 Erat
433 1189 529 1237 autem
544 1180 574 1237 in
588 1180 704 1238 civitate
714 1178 830 1257 quidam
842 1177 968 1237 Isidorus
982 1177 1114 1245 nomine,
1128 1174 1252 1253 moribus

216 1268 409 1356 turbulentus,
424 1287 549 1346 doctoris
570 1289 679 1347 habens
700 1288 881 1356 desiderium,
895 1298 926 1347 et
937 1268 1029 1345 Arius¹
1039 1286 1161 1364 quidam
1168 1283 1251 1347 heci-

217 1388 278 1451 ium
300 1404 417 1472 portans
438 1394 564 1473 pietatis,
582 1403 611 1451 et
632 1395 693 1473 ipse
714 1394 1029 1455 doctoris-desiderium
1049 1392 1174 1459 habens.
1212 1389 1255 1455 ΗᾸ

217 1486 369 1578 postquam
384 1509 581 1574 cognoverunt
594 1499 781 1579 cupiditatem
797 1497 920 1567 Meletii,
936 1507 966 1555 et
986 1498 1056 1575 quid
1076 1493 1292 1581 esset,quod1⁰

218 1604 384 1680 requireret,
407 1613 601 1661 succurrentes
624 1605 661 1672 ci,
684 1605 843 1662 invidentes
865 1603 975 1661 scilicet
994 1601 1200 1682 pontificatum
1218 1598 1253 1659 B.

217 1712 306 1782 Petri,
320 1723 353 1771 ut
374 1722 564 1790 cognoscatur
585 1713 817 1792 concupiscentia
838 1710 960 1778 Meletii,
981 1708 1179 1788 presbyteros,
1192 1705 1253 1783 ,quir
1325 1724 1327 1728 ’

217 1817 271 1876 bus
293 1828 465 1897 potestatem
487 1796 602 1877 dederat
617 1819 653 1876 B.
667 1819 770 1879 Petrus
792 1816 827 1875 de
846 1816 973 1895 paroecia
992 1813 1112 1889 visitare
1128 1811 1253 1879 Alem-

218 1922 320 1992 driam‚
334 1923 456 1982 latentes
470 1923 592 1982 Meletio
606 1921 880 1982 demonstraverunt.
923 1919 1138 1979 Commendans
1152 1918 1193 1975 eis
1207 1933 1252 1973 oc·

218 2028 365 2086 ca'sionem
384 2028 520 2087 Meletius
539 2031 681 2108 separavit
700 2049 759 2098 eos,
779 2038 808 2086 et
827 2026 969 2085 ordinavit
987 2026 1049 2105 ipse
1068 2024 1155 2092 duos,
1170 2032 1291 2085 unumtt

219 2134 251 2193 ln·
271 2150 394 2202 mouere,
417 2145 445 2192 ct
466 2134 553 2193 alium
573 2137 604 2193 in
625 2134 751 2193 metallo.
794 2134 849 2191 His
874 2132 978 2210 agnitis
1004 2129 1042 2188 B.
1061 2112 1170 2186 Petrus
1193 2146 1255 2191 cum

218 2232 311 2313 multa
336 2242 475 2320 patientia
500 2230 608 2320 populo
635 2240 750 2321 scripsit
774 2237 970 2297 Alexandrino
1003 2234 1173 2315 Epistulam
1203 2232 1255 2305 lios

218 2345 315 2402 modu.

229 2486 234 2511 ²
312 2522 471 2576 rurrruu
489 2523 676 2577 urrsrouu
693 2521 840 2576 uouuu
859 2521 970 2575 parur
988 2516 1165 2573 arrscoer

604 2634 872 2687 aususausus.
1266 2636 1297 2686 so

265 2767 375 2828 Petrus
395 2764 428 2827 in
451 2765 513 2829 fide
538 2767 600 2830 Dei
622 2767 782 2846 stabilitis,
806 2764 931 2830 dilectis
951 2765 1105 2830 iratribus
1128 2763 1163 2828 in
1189 2763 1258 2828 Do·

221 2875 322 2954 minc,
332 2874 485 2939 salutem.
512 2876 674 2962 Quoniam
689 2874 827 2961 cognovi
841 2874 1013 2939 Meletium
1028 2872 1111 2937 nihil
1124 2894 1185 2959 per
1198 2871 1259 2937 uti-

221 2988 344 3060 litatem
359 2993 485 3074 (supplet
492 3012 588 3075 agere
597 2993 709 3072 Maffei)
714 3037 724 3069 ,
733 2991 786 3054 cui
796 3012 856 3054 nec
864 2989 1123 3055 beatissimorum
1134 2986 1261 3074 episco-

221 3108 337 3184 porum
356 3121 392 3162 ac
409 3112 587 3186 martyrum
602 3100 739 3186 epistola
755 3100 888 3186 placuit,
909 3099 966 3163 sed
984 3098 1118 3183 insuper
1135 3096 1262 3182 ingres·

222 3231 294 3275 sum
310 3222 451 3274 nostram
466 3209 636 3295 paroeciam
652 3220 777 3273 tantum
791 3209 853 3272 sibi
867 3201 1098 3293 adsumpsisse,
1112 3219 1153 3270 ut
1166 3205 1297 3273 etiamtt

222 3339 261 3383 ex
272 3341 347 3383 vurea
361 3319 549 3383 auctoritate
565 3319 780 3405 presbyteroS,
796 3333 830 3384 et
844 3319 960 3406 quibus
977 3316 1178 3404 permissum
1198 3327 1264 3382 erut

113 3466 117 3483 ·
220 3443 352 3512 egentes
366 3429 503 3508 visitare,
520 3443 688 3494 conaretur
707 3452 862 3517 separare,
882 3440 916 3493 et
935 3429 1094 3493 indicium
1115 3451 1187 3493 suae
1208 3444 1264 3491 cu-¹

221 3535 364 3621 piditatis
387 3538 420 3600 in
443 3537 623 3624 principatu
637 3550 640 3554 ⁴
654 3542 720 3622 (for.
746 3539 988 3625 principatum),
1015 3538 1181 3625 quosdam
1204 3533 1262 3602 sibi

223 3647 386 3713 ordinasse
399 3651 431 3713 in
446 3672 591 3730 carcere;
608 3651 707 3716 modo
721 3652 802 3718 illud
817 3655 995 3733 observate,
1011 3674 1051 3716 ne
1068 3653 1099 3719 ei
1113 3650 1261 3743 commir-

223 3756 348 3836 uicetis,
368 3757 471 3824 donec
492 3782 658 3826 occurram
677 3762 725 3826 illi
748 3784 824 3827 cum
844 3762 1041 3850 sapientibus
1062 3762 1152 3845 viris,
1168 3775 1203 3828 et
1221 3750 1298 3827 vissao

224 3865 316 3929 dcam
333 3881 504 3951 quaesunt,
520 3892 593 3956 quae
608 3870 784 3958 cogitavit(
808 3873 934 3938 Valete.
988 3875 1064 3933 Hac
1086 3876 1190 3933 omnia
1209 3872 1262 3952 pri-

225 3997 288 4036 mus
308 3979 395 4035 edidit
415 3998 431 4036 e
452 3981 550 4039 codice
568 3983 726 4048 Veronensi
744 3986 792 4042 uir
805 3985 842 4044 cl.
854 3986 952 4063 Scipio
964 3984 1068 4042 Maffei
1082 4003 1164 4042 anno
1182 3981 1261 4044 1738.

224 4082 257 4139 in
270 4081 376 4162 Opere,
392 4085 438 4142 cui
451 4086 497 4144 tit.
514 4088 696 4146 Osserouzioni
708 4089 872 4160 Letterurie,
887 4100 957 4149 tom.
969 4089 1010 4148 iii.
1024 4107 1054 4168 p.
1070 4090 1119 4148 11.
1134 4098 1166 4146 et
1180 4106 1237 4164 seq.
