2678 4756
143 284 208 355 4³2
483 266 845 336 annotationis

145 460 230 503 mam
250 436 347 536 hujus
368 449 490 523 partem
509 437 622 503 Latine
637 437 801 516 devertit,
820 438 863 504 Ut
875 434 1055 525 Presbyteri
1069 435 1183 501 cicitu-

146 525 187 589 tis
200 523 267 589 sine
271 545 365 607 jussu
380 524 529 609 Episcopi
541 524 623 589 nitu
649 524 777 603 ’alcuna
791 547 846 589 nec
864 525 898 589 ia
915 544 1106 611 unaquaque
1121 540 1179 608 po·

143 609 239 676 roecia
258 608 382 696 aliquid
402 622 509 698 agunt.
533 548 652 675 concili
663 610 874 698 Anquiritano
894 609 930 694 (i.
940 631 970 673 e.
990 612 1176 696 Ancyranol

144 697 196 762 tit.
212 710 257 761 13.
297 695 392 760 Unde
405 710 532 761 constat
546 696 667 783 aliquid
687 696 824 784 amplius
838 697 871 761 in
885 695 948 760 hoc
962 716 1089 760 canone
1102 695 1181 758 olim·

143 782 297 861 extitisse,
310 804 407 870 quam
423 782 518 847 hodic
533 783 663 869 legitur.
706 785 822 870 Neque
841 782 925 846 enim
946 779 1103 846 credibile
1121 794 1178 859 est,

144 882 182 934 ut
197 869 230 933 hi
248 865 368 955 aliquid
389 868 622 947 intersererent,
636 869 725 955 qnod
748 869 781 932 in
801 868 871 955 ipso
891 881 983 932 textu
1004 889 1070 930 non
1091 865 1176 952 lege·

143 955 232 1021 bant.
277 957 324 1019 Ex
346 953 383 1018 iis
403 969 510 1018 autem
530 976 641 1018 sensus
658 954 789 1019 canonis
802 953 996 1018 clarissimus
1010 951 1175 1030 eliciatur3

143 1053 236 1107 uteo
251 1040 401 1105 nimirum
416 1055 548 1104 cautum
564 1041 616 1118 sit,
634 1062 692 1104 nec
708 1041 905 1126 Chorepisco
929 1039 956 1103 is
969 1039 1070 1104 licere
1090 1038 1175 1101 Pres-

144 1126 167 1193 b
191 1140 276 1192 teros
296 1140 352 1191 aut
375 1125 537 1190 Diaconos
559 1125 724 1205 ordinare3
747 1147 806 1191 nec
828 1060 1025 1212 Presiiyteris
1043 1123 1174 1188 civitatis

143 1149 265 1300 siquid
287 1212 320 1276 in
342 1211 485 1276 Ecclesia
506 1234 602 1298 agere
627 1212 696 1276 sine
717 1226 878 1298 praecepto
900 1210 1067 1297 Episcopi.
1113 1208 1173 1274 Ubi

143 1300 241 1365 etiarn
262 1298 378 1362 ultimo
397 1299 591 1375 observetur,
614 1320 726 1363 omnes
744 1298 876 1362 latinos
895 1296 1098 1383 interpretes,
1117 1317 1173 1359 una

143 1408 219 1451 cum
230 1387 354 1451 Joanne
365 1384 581 1461 Antiocheno,
595 1406 653 1469 pro
666 1383 786 1448 ultimis
796 1382 927 1447 canonis
938 1381 1044 1446 verbis
1060 1380 1173 1466 ἐνὲτέρᾳ

144 1470 293 1557 παροικίᾳ,
308 1472 405 1555 longe
425 1471 543 1535 rectius
561 1468 677 1555 legisse
693 1474 719 1533 ir
734 1470 818 1555 ἑκάςῃ
833 1467 984 1555 παροικίᾳ.
1008 1469 1095 1531 Haec
1109 1467 1171 1530 Ba-

145 1577 353 1623 vuussws.
397 1555 485 1619 Cum
509 1577 582 1619 vero
597 1554 765 1619 abeodem
781 1556 847 1618 viro
862 1553 1053 1619 doctissimo
1073 1553 1106 1616 in
1124 1574 1172 1615 su·

144 1641 320 1730 perioribus
342 1639 387 1701 sic
408 1653 566 1704 tractante
587 1641 770 1705 dissentiam
790 1640 831 1704 de
851 1640 914 1704 hoc
932 1660 1074 1716 canone,
1087 1637 1172 1724 cujus

166 1726 273 1796 uidem
288 1738 321 1791 et
335 1724 537 1809 scriptura-et
551 1725 773 1813 interpretatio
787 1748 862 1790 cum
881 1723 1113 1814 presbyteralis
1125 1745 1171 1786 ot-

142 1751 314 1879 dinationis
335 1810 511 1895 quaestione
534 1825 598 1875 tam
625 1834 724 1898 prope
744 1812 999 1899 conjunguntur,
1020 1824 1059 1875 ut
1079 1810 1120 1873 de
1136 1830 1171 1875 eo

141 1897 345 1983 exposuerint
360 1894 498 1960 illustres
514 1897 685 1983 scriptores
700 1898 885 1975 Salmasius,
901 1897 1061 1974 Petavius,
1074 1897 1171 1960 Ham-

142 1982 292 2058 mondus,
306 1981 346 2044 de
361 1982 484 2059 Marca,
498 1983 637 2071 aliique;
660 1984 780 2049 idcirco
797 1984 938 2070 primum
959 1983 1000 2046 de
1022 2003 1100 2047 vera*
1113 1980 1171 2044 lec·

141 2069 228 2135 tione
242 2067 311 2153 ejus
326 2066 444 2146 dicere,
460 2068 574 2134 deinde
596 2069 636 2133 de
656 2070 799 2156 ejusdem
814 2067 1091 2155 interpretatione,
1106 2064 1172 2152 plua

141 2155 240 2230 ribus,
257 2174 353 2242 quam
375 2155 524 2240 congruit
545 2156 578 2219 in
600 2177 724 2220 morem
750 2178 860 2220 meum
883 2166 941 2219 aut
964 2154 1173 2229 voluntatem,

141 2239 325 2326 disquirere,
336 2260 463 2305 necesse
472 2239 593 2320 habe03
607 2264 673 2327 quo
686 2241 800 2307 clarius
811 2241 874 2306 hoc
883 2239 1041 2318 indicem,
1051 2238 1097 2302 nil
1106 2259 1173 2302 om-

141 2326 217 2391 nino
238 2325 429 2411 patrocinari
451 2328 659 2414 presbyterali
679 2326 870 2392 ordinationi
887 2346 1049 2390 canonem
1068 2325 1174 2410 Ancy-

141 2433 265 2490 tanum,
280 2411 403 2475 etiamsi
418 2413 501 2476 absit
517 2414 669 2477 Latinum
684 2413 953 2489 additamentum,
969 2432 1079 2496 neque
1092 2422 1174 2474 recte

140 2497 201 2563 sibi
216 2497 289 2562 inde
303 2498 473 2582 collegisse
489 2498 706 2578 Blondellurn,
722 2500 1016 2585 “presbyterorum
1030 2494 1176 2580 collegia,

139 2584 318 2668 “episcopi
338 2585 456 2668 proprii
477 2606 635 2648 consensu
654 2585 880 2662 munita,eu1n
899 2605 973 2646 vero
993 2581 1174 2668 postulante

140 2677 161 2711 “
177 2669 266 2732 nulla
285 2671 356 2753 lege
374 2667 488 2744 divina,
505 2669 560 2733 sed
577 2671 645 2734 sola
662 2671 869 2734 ecclesiarum
884 2681 1026 2754 cogente
1041 2664 1174 2731 necessi·

140 2763 162 2794 “
177 2768 253 2831 tate,
269 2753 488 2817 omnimodam
503 2756 604 2819 ubivis
622 2756 766 2820 locorum
782 2754 1021 2819 ordinationum
1038 2764 1176 2838 potesta·

138 2848 161 2883 “
177 2853 243 2903 tem
254 2839 434 2903 habuisse.’'
447 2841 541 2924 Apol.
552 2857 607 2925 pro
622 2842 760 2906 Senterzt.
772 2842 900 2906 Hieron.
913 2852 993 2904 sect.
1005 2839 1052 2902 iii.
1067 2859 1099 2924 p.
1113 2850 1174 2900 158.

181 2925 293 3011 Vulgo
312 2924 442 3011 quidem
462 2928 507 2990 ita
527 2927 644 3005 editur,
661 2927 890 3012 prsrrru‘xo'rroug
907 2930 946 3008 μὴ
966 2928 1066 3003 ἐξεῖνῳ
1085 2946 1175 3009 arper-

140 3010 263 3097 ἕυτὲρους
289 3010 304 3086 ἢ
328 3011 462 3085 διακόνους
484 3016 659 3099 χειροτονεῖν,
686 3017 766 3076 ἀλλὰ
792 3015 858 3093 μηδὲ
884 3009 1093 3096 ωρεσέυτέρους
1117 3006 1174 3070 arr'·

140 3114 218 3176 λεως,
231 3099 320 3185 χωρὶς
333 3103 381 3160 τοῦ
396 3101 569 3182 ἐπιτραπῆναί
587 3102 635 3162 ὑπὸ
657 3106 704 3160 τοῦ
726 3099 871 3161 ἐπισκόπου
893 3102 967 3179 μετὰ
988 3096 1175 3180 γραμμάτων,

140 3188 165 3246 iv
187 3185 267 3270 ἑτέρᾳ
292 3183 345 3266 (al.
369 3183 467 3268 ἑκάςῃ)
495 3184 644 3271 παροικίᾳ.
678 3184 827 3271 Dionysii
847 3182 964 3268 Exigul
983 3180 1100 3258 Vertis,
1114 3180 1175 3242 sive

141 3269 242 3335 Codes
270 3271 428 3332 Curionum
454 3269 605 3333 Ecclesice
631 3269 781 3333 Romanae
806 3269 907 3347 Velm,
932 3268 976 3331 ita
1001 3288 1037 3330 se
1059 3265 1175 3328 habeta

141 3355 367 3440 chorepiscopis
387 3377 445 3417 nou
465 3354 554 3418 licere
572 3354 836 3440 presbyterorum
857 3355 1002 3417 diaconos
1024 3350 1174 3426 ordinare,

139 3441 192 3504 sed
213 3462 267 3503 nec
285 3439 473 3525 presbyteris
488 3441 634 3518 civitatis
649 3441 713 3504 sine
723 3451 880 3527 praecepto
896 3436 1040 3525 episcopi,
1057 3435 1108 3500 vel
1121 3434 1173 3499 lit-

140 3525 225 3602 teris,
243 3526 275 3588 in
289 3548 473 3611 utruquuque
483 3527 641 3608 parochia.

118 3647 120 3650 ⁴
190 3611 347 3695 Principio
366 3612 466 3696 igitur
483 3611 516 3674 id
537 3627 683 3675 notatum
703 3611 810 3688 velim,
826 3630 939 3674 omnes
960 3609 1018 3694 qui
1038 3607 1174 3694 partium

141 3711 214 3761 sunt
232 3697 542 3780 presbyteranarum,
558 3720 632 3760 cum
652 3696 808 3760 Salmasio
828 3696 967 3781 ipsarum
992 3694 1174 3779 antesigna-

141 3805 195 3859 no,
211 3782 306 3844 verba
326 3782 441 3845 Graeca
464 3785 530 3845 sine
551 3783 607 3846 illo
628 3783 817 3846 Latinorum
838 3780 1072 3865 additamento,
1091 3777 1174 3865 quod

141 3868 332 3952 Beveregius
348 3881 470 3931 tutatus
486 3882 546 3945 est,
562 3867 697 3952 legenda
712 3890 781 3932 esse
795 3880 936 3931 statuere
949 3889 959 3944 3
981 3866 1094 3953 inqua
1128 3864 1175 3929 ui·

140 3954 214 4019 dem
237 3976 271 4016 re
293 3975 344 4014 me
365 3953 426 4017 sibi
449 3954 700 4017 consentientem
720 3953 843 4016 eruditi·
857 3952 909 4015 isti
931 3951 1106 4037 scriptores
1144 3972 1175 4014 a·

140 4040 227 4106 bent.
267 4037 330 4102 Sed
345 4061 492 4124 quaenam
511 4040 626 4102 verba?
650 4041 697 4102 Ea
713 4040 858 4123 profecto
873 4036 994 4102 debent
1009 4059 1093 4115 esse,
1107 4056 1175 4123 qua

140 4138 174 4189 et
195 4137 314 4189 veteres
336 4123 475 4202 codices,
496 4137 528 4187 et
550 4138 636 4187 recta
656 4124 738 4188 ratio
760 4125 853 4188 uobis
875 4123 1098 4187 commendat.
1141 4123 1176 4184 lu

141 4211 241 4279 verbis
266 4210 366 4296 igitur
389 4209 530 4273 Canonis
551 4210 720 4295 prioribus,
739 4208 969 4296 Χωρεπισκόπους
993 4208 1056 4293 (vel
1077 4207 1178 4273 verius

139 4295 375 4383 Χωρεπισκόποις)
399 4300 438 4378 μὴ
463 4298 559 4373 ἐξεῖναι
581 4293 786 4382 σρεσὲυτέρους
809 4294 824 4373 i
849 4293 986 4370 διακόνους
1005 4296 1180 4386 χειροτονεῖν.

11 4396 174 4472 ,Α
