2678 4756
264 265 317 330 nr
338 261 583 347 Ancrnsm
608 261 818 328 concnn
843 262 1069 331 canones,
1118 281 1182 353 425
1212 268 1216 272 ·

151 434 196 499 Is.
214 433 427 498 Casaubonus
442 430 597 495 Exercitt.
614 432 683 496 adv.
698 431 880 510 Baronium,
892 433 953 498 xvi.
967 447 1045 499 sect.
1058 447 1109 500 48.
1127 435 1184 501 sed

140 521 239 589 nunc
261 519 392 605 quidem
417 516 603 583 ,Casauboni
623 517 733 582 locum
755 541 773 582 a
794 519 927 584 Suicero
946 543 1077 608 quoqne
1099 544 1184 586 nunc

150 605 398 673 video-,allatum
417 605 448 668 in
464 604 616 668 Thesauro
639 626 698 668 suo
718 604 840 668 Eccles.
860 628 937 670 voce
957 608 1086 682 Τέλεοςε
1108 616 1130 648 “
1143 604 1184 672 Ti

149 698 174 732 ‘¹‘
188 691 291 759 risam
310 690 463 776 perfectio
485 705 543 754 aut
561 691 796 760 consummatio
814 705 861 754 est
883 691 952 778 ipsa
974 693 1185 774 Eucharistia,

149 784 175 821 “
190 801 264 864 quae
277 779 373 841 etiam
387 776 548 863 Dionysio
563 776 679 841 dicitur
691 776 843 856 τελείωσις,
856 793 892 841 ut
906 791 979 841 ante
994 779 1183 844 observaba-

148 872 173 904 “
189 887 283 929 mus:
307 862 382 948 quia
399 862 618 948 conjunctioni
639 878 755 927 nostrae
777 885 852 927 cum
871 863 1013 943 Christo,
1028 865 1121 964 cujus
1137 865 1185 930 in·

148 956 173 988 “
189 962 367 1014 strumenta
381 963 455 1012 sunt
470 948 599 1011 verbum
620 949 683 1012 Dei
703 963 736 1011 et
754 965 962 1027 sacramenta,
977 949 1074 1014 velun
1095 950 1185 1015 colo-

148 1042 173 1076 “
188 1035 330 1120 phonem
357 1033 506 1119 'imponit
541 1034 741 1120 participatio
776 1036 925 1119 corporis.
942 1049 986 1099 -et
1020 1037 1185 1122 sanguinis

148 1129 172 1161 “
192 1120 315 1187 Christi
329 1120 361 1184 in
376 1141 468 1184 coena
482 1120 666 1199 Dominicis,
680 1121 788 1185 nullus
801 1122 885 1184 enim
904 1135 1000 1185 restat
1010 1122 1095 1187 alius
1110 1132 1184 1187 mo'-

149 1214 172 1247 ‘⁶
190 1207 253 1271 dus
273 1229 340 1292 quo
361 1207 394 1270 in
414 1205 504 1270 terris
524 1221 681 1270 versantes
702 1206 820 1270 arctius
837 1229 911 1270 cum
928 1207 1061 1273 Christo
1079 1208 1185 1295 capite

147 1299 173 1333 “
185 1306 302 1372 ¹nostro
315 1292 587 1378 conjungamur.”
601 1313 633 1377 p.
645 1307 715 1357 sos.
729 1292 782 1355 ed.
797 1293 919 1357 Gener.

534 1495 717 1561 'CANON
746 1497 788 1561 V.

196 1633 230 1697 P.
241 1645 310 1698 408.
326 1632 349 1698 l.
366 1649 393 1697 1.
416 1637 565 1697 ΚΑΝΩΝ
587 1633 789 1717 E.]··Facinnt
809 1633 995 1719 interpretes
1012 1632 1134 1716 Latini,
1149 1648 1187 1702 nt

147 1732 277 1785 tantum
293 1720 406 1805 viginti
423 1735 456 1784 et
476 1735 616 1805 quatuor
628 1740 767 1782 canones
787 1718 862 1782 huic
878 1723 1050 1808 Ancyrano
1064 1721 1185 1793 Conci,-

139 1805 208 1883 lio,
221 1819 319 1890 prout
338 1806 438 1870 modo
456 1806 532 1884 dixi,
548 1819 761 1890 apponantur,
777 1817 835 1868 aut
857 1805 943 1869 hunc
964 1807 1110 1891 quintum
1131 1830 1186 1873 su·

145 1892 267 2041 periqri
276 1891 460 1978 jungendo,
471 1904 528 1957 aut
540 1891 688 1957 Canones
704 1891 817 1954 xxu.
832 1901 865 1954 et
878 1892 1010 1955 xxttt.
1025 1915 1125 1956 unum
1137 1894 1187 1960 fa-

145 1998 221 2042 cien
243 1999 276 2041 o.
549 2005 552 2013 ·

190 2062 279 2130 lbid.
292 2063 316 2127 l.
328 2075 359 2127 4.
378 2063 468 2149 χωρὶς
481 2061 660 2149 προσφορᾶς]
675 2063 817 2126 Zonaras
833 2061 962 2126 ait—vir
976 2063 1024 2124 καὶ
1041 2063 1110 2148 περὶ
1128 2070 1183 2127 τῶν

143 2147 293 2232 φαγόντων
302 2150 356 2230 μὲν
370 2149 549 2227 εἰδωλόθυτα,
569 2143 737 2229 δεικνυμένων
758 2149 780 2209 δ’
800 2149 842 2210 ἐπὶ
863 2147 950 2233 τούτῳ
966 2147 990 2234 ’i
1007 2148 1186 2234 δακρυόντων,

146 2234 243 2315 φησίν.
266 2231 298 2308 tis
310 2238 384 2316 μετὰ
394 2234 514 2321 τριετίαν
527 2240 573 2310 τῆς
588 2234 759 2307 ὑποπῖώσεως
773 2233 896 2318 δέχεῶαν
911 2235 1135 2320 auganensium
1145 2239 1186 2310 ais

147 2319 269 2392 σύςννσνν
288 2321 378 2406 χωρὶς
398 2327 573 2407 προσφορᾶς,
595 2320 678 2403 ἤγουν
699 2319 855 2398 roris-ailus
874 2319 926 2401 μὲν
946 2323 973 2381 ἐν
993 2325 1027 2402 τῇ
1047 2320 1187 2407 ἐκκλησίᾳ

146 2410 205 2480 τοῖς
221 2410 327 2489 esteris,
340 2410 379 2487 μὴ
393 2405 617 2488 μεταλαμέάνενν
632 2404 670 2468 δέ.
719 2405 873 2468 Similiter
885 2406 917 2468 ri
931 2409 1005 2486 μετὰ
1024 2430 1103 2491 arpos
1154 2413 1186 2483 ἃς

118 2546 122 2554 .
147 2492 349 2578 interpretati
363 2507 437 2558 sunt
451 2493 601 2556 Balsamo
615 2490 657 2554 ad
673 2490 799 2554 Canon.
819 2493 879 2555 IV.
897 2502 929 2554 et
945 2490 1115 2556 Aristonus
1157 2493 1186 2558 'c

146 2579 183 2642 in
200 2578 332 2657 Scholio.
376 2580 464 2642 Bene
484 2578 609 2641 confert
625 2577 720 2641 Joan.
740 2576 936 2654 Johnsonus,
950 2575 999 2639 ad
1015 2576 1185 2664 Anglicorn

147 2686 242 2728 suam
259 2665 420 2729 Cononem
437 2664 618 2740 Versionem,
633 2663 727 2726 verba
743 2661 884 2727 Cononis
901 2661 1062 2726 undecimi
1080 2664 1186 2728 Conci·

148 2748 190 2813 lii
208 2751 247 2814 N
246 2750 425 2814 terent-tto
444 2751 471 2813 δὲ
494 2749 538 2826 ἔτη
560 2749 648 2835 χωρὶς
671 2753 834 2834 προσφορᾶς
855 2748 1050 2825 κοινωνήσωσι
1063 2752 1104 2833 τῷ
1126 2755 1188 2835 λαῷ

147 2843 205 2898 τῶν
214 2840 318 2920 εὐχῶν.
360 2835 586 2934 Albaspinaeus
600 2834 731 2919 quidem
747 2834 778 2896 in
797 2832 921 2898 Observ.
937 2833 975 2897 de
993 2833 1058 2899 Ver.
1075 2834 1186 2899 Eccle-

147 2920 210 2985 sice
223 2921 358 2999 Ritilus,
374 2922 570 2986 oblationem
597 2920 647 2983 his
668 2921 746 2984 locis
760 2940 818 3003 pro
833 2919 926 2983 donis
940 2931 974 2982 et
987 2921 1186 3000 muneribus,

148 3030 225 3093 quae
245 3008 437 3092 poenitentes
458 3007 491 3069 in
513 3006 708 3092 poenitentiae
727 3027 794 3069 suae
808 3016 841 3069 et
856 3004 1082 3069 satisfactionis
1096 3028 1187 3070 com·-

148 3092 389 3158 mendationem
404 3092 638 3178 largiebantur,
656 3091 875 3176 accipiendam
891 3111 961 3156 csse
978 3090 1075 3156 docet
1093 3091 1150 3156 lib.
1164 3091 1188 3157 i.

151 3178 366 3254 Obsessis.
386 3179 497 3264 Magis
507 3200 580 3242 vero
589 3178 720 3241 dixerim
731 3199 806 3240 cum
817 3176 961 3254 Suioern,
972 3177 1028 3262 qui
1038 3177 1187 3263 Albaspi·

150 3287 261 3341 naum
274 3265 369 3330 affert
386 3265 420 3329 in
438 3286 508 3328 voce
524 3267 689 3350 Προσφοςὰ,
704 3263 800 3348 lapsis
815 3261 978 3348 prohiberi
992 3261 1042 3327 his
1055 3263 1188 3327 canoni·

149 3351 213 3416 bus
226 3351 423 3416 oblationem
438 3348 610 3428 donorum,
622 3349 694 3434 quae
710 3349 744 3412 in
756 3347 863 3412 altaris
878 3369 972 3412 usum
984 3369 1005 3411 a
1014 3348 1187 3428 stantibus,

149 3459 211 3501 sen
226 3435 385 3513 fidelibus,
397 3435 535 3514 conferri
548 3434 779 3501 consueverint.
802 3434 905 3519 Atqui
918 3434 1040 3499 interea
1054 3435 1099 3499 nil
1111 3456 1188 3521 pro-

150 3523 254 3601 hibet,
266 3523 417 3609 quiorut
434 3521 568 3599 solitum
585 3535 645 3597 est,
667 3541 792 3597 coenam
808 3518 1021 3584 Dominicam
1035 3525 1190 3608 προσφορὰ

150 3608 205 3673 hic
221 3609 402 3695 significet3
425 3607 527 3670 immo
542 3607 660 3670 debere
673 3627 785 3670 vocem
800 3604 846 3670 sic
860 3603 998 3690 intelligi
1012 3604 1142 3692 jubent,
1157 3608 1190 3672 ni

151 3693 258 3770 fallor,
281 3692 377 3758 verba
401 3691 519 3756 decimi
544 3692 624 3756 sexti
648 3690 802 3768 Canonis,
824 3689 887 3753 τότε
909 3691 931 3778 ’i
955 3697 1002 3768 τῆς
1024 3697 1191 3780 προσφορᾶς

151 3779 365 3862 {ecclisiarum
380 3791 414 3842 et
456 3792 557 3856 ostes,
571 3775 794 3862 τνγχανέτωσαν
813 3781 861 3853 τῆς
882 3782 1055 3863 προσφορᾶς.
1098 3779 1190 3842 Jam-

150 3884 217 3952 que
237 3864 341 3929 inveni
360 3800 507 3927 simiiiter
526 3864 714 3928 sentientem
735 3860 939 3941 Salmasinm,
956 3863 1012 3948 qui
1026 3861 1087 3927 sub
1102 3862 1189 3926 sim·
1251 3872 1256 3883 ’

150 3949 241 4036 plicii
262 3950 375 4015 Verini
397 3949 526 4014 nomine
550 3949 653 4013 latens
672 3948 830 4012 Adversus
851 3945 984 4017 Librum
1008 3949 1191 4012 Postumum

154 4034 263 4100 Grotii
283 4035 478 4122 opusculum
505 4034 644 4119 scripsit,
665 4031 786 4099 ubisd
810 4054 911 4120 pagg.
937 4046 1111 4099 tot-103.
1130 4033 1190 4113 ait,

150 4122 398 4207 aporpsprtrhoc
419 4121 494 4185 loco
517 4119 740 4185 eucharistiam
763 4139 847 4196 esse,
858 4134 897 4184 ut
914 4118 1079 4206 προσφέρειν
1091 4132 1126 4183 et
1140 4117 1210 4206 qt..

139 4207 238 4294 fem
248 4207 396 4272 absolute
411 4227 498 4293 sape
511 4206 641 4291 ponitur
656 4203 782 4291 Graecis
796 4204 982 4293 Latinisque
998 4223 1060 4294 pro
1078 4203 1192 4270 walo-

150 4291 279 4359 metm
290 4291 445 4389 oerficae.
466 4290 927 4382 theetpagg.-270.ot.279.
1112 4300 1115 4305 ·
