2678 4756
426 265 534 352 uss.
557 276 778 348 ramasse.
1056 230 1119 368 397

80 447 237 517 dilatione
250 448 317 516 illa
325 451 482 536 temporis,
497 451 552 540 qui
565 446 659 516 semei
670 466 741 537 proe
754 441 966 516 imbecillitate
979 459 1009 515 et
1025 446 1119 537 tgna,
1155 471 1163 485 ¹

83 538 138 604 via
152 561 173 602 a
186 536 306 603 diabolo
321 538 454 609 connusi
468 559 505 602 ao
519 536 701 624 labefactati
715 549 787 602 sunt
801 535 926 622 penitus
940 535 1121 616 desciscant,

85 645 143 688 uec
160 622 329 687 remedium
346 622 449 688 ullum
470 621 658 688 adhibeant.-
681 622 936 710 quemndmodum
952 643 1051 686 saoroe
1067 621 1122 687 lit-

85 721 165 775 terae
183 709 400 794 praecipiunt:
423 711 501 775 Non
520 709 656 794 perverti
678 709 839 786 claudum,
856 708 913 773 sed
936 707 1039 790 sanari
1060 716 1120 792 ’ρο-

84 795 163 860 tius.
189 793 399 882 Quamobrem
408 794 495 859 Petri
531 793 633 859 uidem
643 795 743 858 'oratio
755 795 797 859 ad
807 792 1000 859 clementiam
1012 793 1122 858 buma-v

83 880 218 945 uitatem
241 901 279 944 ue
291 878 459 966 spectabat,
474 817 602 945 obterit
617 902 685 944 uero
701 876 912 967 acfautomm
925 881 991 964 ejus
1004 878 1138 944 ueritu·

85 965 140 1044 tis,
155 985 192 1030 oc
227 964 304 1030 ruini
318 964 438 1030 ardoris
457 964 663 1051 patrocinium
677 975 860 1052 susceperat.
908 965 987 1028 Cum
1001 980 1079 1062 ‘ergo
1102 970 1123 1031 d

85 1073 119 1115 se
133 1049 262 1116 inuicem
276 1049 396 1127 diuersa
411 1050 571 1130 sentirent,
585 1073 626 1115 eu
638 1073 741 1116 eorum
756 1073 830 1137 quoe
851 1048 997 1136 utrinque
1016 1064 1067 1133 pre
1086 1058 1123 1114 ac

84 1135 229 1224 religiose
245 1134 482 1286 pqqserebantur
504 1135 656 1201 occasione
677 1147 708 1201 et
729 1137 827 1221 specie
853 1134 985 1199 scbisma
1006 1135 1123 1216 cotyla·-

26 1292 29 1296 ,
86 1232 155 1286 tum
168 1233 225 1286 est.
304 1222 399 1287 tenim
412 1225 526 1287 Petrus
545 1221 786 1371 archiepiscopus
806 1243 875 1285 cum
896 1220 1123 1285 animaduerte-

85 1317 135 1372 ret
164 1305 324 1372 consilium
351 1329 441 1372 suum
469 1306 675 1372 bumanitatis
698 1306 915 1393 penissimum
941 1305 1125 1371 Meletiunis

84 1391 215 1456 minime
240 1391 405 1478 placuisse,
435 1392 517 1479 quod
544 1392 717 1458 ardentiore
744 1392 843 1458 diuini
871 1391 993 1467 lionoris
1021 1390 1123 1463 studii

75 1477 132 1560 fla
172 1489 272 1557 arent,
286 1477 386 1542 medio
401 1479 435 1542 iu
449 1500 568 1543 carcere
579 1477 727 1562 pallium,
744 1479 825 1566 qnod
838 1478 982 1542 iodicium
997 1476 1123 1557 dicitur,

86 1585 124 1628 oe
138 1585 150 1626 i
164 1562 264 1628 instar
280 1561 465 1650 oppandens,
478 1562 666 1649 proclamari
681 1587 700 1628 u
715 1562 840 1631 diacono
847 1563 957 1648 jussit.
982 1562 1045 1649 Qui
1054 1585 1124 1642 ,me-

87 1671 157 1712 cum
171 1648 321 1727 sentiunt,
336 1648 394 1713 buc
409 1649 453 1713 ad
465 1673 514 1715 me
527 1650 677 1715 ueniant:
700 1649 755 1737 qui
770 1648 896 1715 Meletii
915 1648 1051 1733 opinioni
1061 1648 1125 1736 fn·

86 1745 172 1814 vent,
188 1734 230 1799 ad
243 1733 423 1800 Meletium.
462 1736 553 1822 Quod
573 1757 643 1799 oum
663 1733 710 1799 ita
721 1735 854 1822 factum
873 1745 961 1813 esset,
976 1733 1073 1799 diviso
1093 1733 1126 1800 in

84 1831 194 1906 partes
204 1819 330 1906 populo,
345 1820 561 1906 episcoporum,
576 1820 804 1901 monacborum,
819 1832 850 1886 et
865 1820 1126 1906 presbyterorum,

87 1927 127 1971 ae
145 1904 335 2005 reliquorum
356 1905 621 1993 ordinumvmajor
645 1927 790 1972 numerus
811 1898 874 1970 sese
895 1905 937 1970 ad
958 1904 1126 1972 Meletium

87 1991 260 2078 acb‘unmt:
290 1990 383 2076 'pauci
405 1991 528 2078 quidem
550 1991 768 2078 episcoporum,
789 2003 820 2056 et
842 1990 983 2055 alionum
997 1991 1126 2075 Petrum

88 2075 348 2163 arehiepiscopum
362 2074 459 2141 secuti
472 2088 555 2142 sunt.
603 2077 670 2164 Quo
692 2100 732 2142 ex
753 2087 888 2162 tempore
905 2091 1009 2162 preces
1024 2096 1061 2140 no
1074 2091 1129 2160 adr

89 2159 220 2310 cqiflcim
233 2173 423 2249 craterasque
437 2184 538 2228 omnes
554 2162 734 2228 cerimonias
749 2163 886 2249 separati
906 2184 927 2227 u
945 2182 977 2226 se
998 2160 1128 2227 invicem

89 2258 240 2312 cierunt.

134 2335 211 2399 Post
227 2331 295 2398 liceo
309 2335 422 2399 Petrus
435 2331 586 2420 martqrio
601 2330 733 2418 affectus
747 2345 794 2398 est
806 2331 988 2399 Aleooandro
1009 2354 1128 2400 succes·

91 2439 158 2487 tore
177 2418 310 2484 relicto.-
333 2418 383 2483 bic
403 2418 486 2483 enim
505 2431 575 2502 post
593 2422 723 2484 Petrum
740 2416 970 2485 Alexandrinoe
991 2417 1129 2485 noune

87 2504 280 2591 proepositus
302 2515 358 2569 est.
402 2502 555 2569 Miletius
579 2527 648 2569 uero
673 2527 743 2570 cum
770 2504 844 2570 aliis
868 2496 1027 2592 plerisque
1049 2503 1129 2581 rele-

89 2601 200 2676 gatus,
221 2602 252 2655 et
273 2589 316 2654 ad
336 2587 492 2654 Pbanesia
513 2588 644 2656 metalla
665 2591 832 2656 damnatus
853 2601 909 2656 est.
951 2592 1026 2656 Post
1048 2586 1132 2661 illud

93 2685 214 2760 tempus
228 2674 380 2740 Meletius
395 2697 464 2739 cum
479 2673 616 2742 omnibus
633 2675 703 2741 illis
721 2674 951 2764 corffessoribuu
967 2676 1022 2777 qui
1036 2672 1131 2742 tracti

92 2758 275 2848 abreptique
294 2782 363 2825 cum
381 2783 414 2825 eo
424 2760 573 2846 fluerunt,
590 2771 657 2826 tam
672 2761 705 2827 in
718 2783 849 2840 carone,
865 2784 959 2850 quam
973 2784 1006 2826 on
1021 2760 1132 2828 itinere

92 2867 131 2910 ac
143 2867 360 2934 quamcunque
377 2845 534 2934 regionem
553 2846 713 2934 bonumque
728 2857 925 2935 peragraret,
939 2846 982 2912 ibi
996 2845 1130 2928 clericos,

90 2928 176 3015 episi
214 2954 257 3011 os,
266 2932 469 3019 presbyteros,
480 2941 511 2996 et
520 2931 662 2998 diaconos
673 2932 822 3012 instituit,
833 2954 870 2998 ao
880 2930 1024 3016 privatas
1036 2931 1130 2998 ecolo-
1179 2956 1185 2966 ·

93 3015 158 3085 siat
215 3016 335 3097 ndauit,
349 3039 418 3081 oum
432 3015 558 3082 interim
570 3038 626 3097 neo
640 3017 673 3081 bi
687 3039 756 3082 oum
771 3016 849 3099 illis,
865 3016 986 3083 necilli
1000 3039 1068 3081 cum
1082 3016 1131 3083 bii

93 3123 252 3168 commme
269 3101 394 3202 aliquid
411 3101 566 3168 baberent.
602 3104 697 3168 Porro
717 3123 806 3168 suam
827 3102 956 3191 quisque
974 3102 1132 3168 ecclesiam

91 3186 223 3252 diuersis
245 3186 421 3253 omninibus
441 3186 634 3253 inscribebat.
672 3189 757 3253 Nom
772 3189 861 3254 Petri
875 3209 1065 3267 mecessores,
1076 3202 1138 3277 pu·¹

91 3294 148 3338 nes
170 3294 246 3360 quos
266 3284 381 3339 ueteres
402 3283 492 3338 erant
513 3271 660 3352 eceteuae,
676 3272 838 3339 catholicae
852 3272 988 3340 arausice
1003 3272 1133 3339 titulum
1209 3273 1213 3276 ’

93 3379 152 3424 usu
191 3357 314 3423 abant:
346 3357 516 3424 Meletiaui
542 3357 700 3425 ecclesiam
723 3369 912 3448 martyrum.
958 3359 1061 3448 Igitur
1082 3359 1133 3425 E-

94 3441 160 3509 lout
216 3442 340 3528 cpolim,
364 3443 501 3522 Gazam,
522 3455 553 3508 et
571 3443 697 3511 AEliam
714 3445 871 3532 profectus
892 3443 1043 3510 Miletius
1060 3443 1134 3529 plo-

94 3550 145 3594 ros
166 3549 204 3594 ue
220 3529 262 3593 ad
275 3551 345 3613 mm
360 3529 483 3593 modum
498 3528 663 3597 ordinauit.
700 3530 886 3618 Acciditque
899 3540 935 3595 ut
949 3529 1135 3598 admetalla

94 3552 214 3679 diulius
229 3614 427 3680 detineretur.
473 3614 534 3679 Sed
553 3612 592 3680 ab
610 3616 652 3680 iis
670 3617 795 3682 tandem
812 3615 996 3703 corffessores
1009 3614 1135 3682 liberati

95 3711 181 3778 snut,
195 3710 261 3764 tam
276 3699 331 3787 qui
346 3702 438 3765 Petro
442 3698 612 3786 favebant,
627 3701 741 3787 (adbuc
753 3702 834 3766 enim
847 3701 1016 3787 complures
1029 3704 1132 3787 erunt)

96 3805 192 3873 quam
204 3782 383 3851 Meletiaui.
423 3785 486 3875 Qui
502 3785 625 3873 quidem
640 3786 673 3852 in
687 3785 826 3854 metallis
839 3796 861 3852 u
874 3797 984 3853 mutuo
997 3808 1135 3852 commu·

95 3870 188 3937 reione
208 3869 412 3951 abstinebant,
431 3892 474 3957 ao
488 3892 527 3935 ne
546 3871 643 3936 'simul
662 3872 786 3960 quidem
806 3872 947 3938 orabant.
983 3870 1136 3951 Meletius

95 3960 165 4021 uero
193 3955 248 4023 diu
271 3968 378 4042 postea
401 3961 553 4041 'superstes
568 3955 668 4045 fuito
698 3957 774 4023 adeo
796 3967 835 4023 ut
860 3979 930 4023 cum
952 3952 1136 4025 Alexandro

118 4063 219 4128 noque
232 4042 322 4106 Petri
336 4061 504 4108 successore
506 4039 666 4125 flamerit,
681 4063 751 4108 cum
764 4065 860 4130 eoque
864 4041 1135 4130 familiaritatem

139 4126 261 4203 buerits
282 4127 476 4226 preacipuam
493 4143 585 4212 porro
602 4128 740 4211 ecclesiae
747 4127 1010 4217 fideique-curtim
1021 4128 1136 4281 pessit(

97 4212 338 4299 Namutsoepe
350 4209 523 4292 notauit
535 4210 574 4278 ab
586 4232 624 4278 ea
636 4213 791 4288 diuersum
801 4224 858 4280 out
873 4211 1015 4280 alienum·
1043 4213 1135 4286 uuit.
