2678 4756
238 307 283 386 92
508 298 786 390 nntroums
815 290 1013 371 sucum:

241 467 307 534 alio
330 489 395 534 non
417 469 520 557 possit
541 493 637 559 quam
661 491 719 535 nec
741 470 811 557 ipse
836 484 946 557 potest
966 471 1102 538 alterum
1121 469 1283 560 judicare.

240 576 306 642 Sed
331 591 537 665 expectemus
563 578 702 645 universi
724 577 887 667 judicium
915 580 1051 647 Domini
1076 581 1179 647 nostri
1203 582 1283 646 Jesu

241 683 376 770 Christi,
388 689 444 776 qui
460 712 544 754 unus
558 701 591 754 et
604 689 691 754 solus
703 688 803 753 habet
816 701 1011 775 potestatem
1026 702 1061 756 et
1072 687 1284 776 praeponendi

239 814 299 860 nos
314 795 346 860 in
362 797 506 863 ecclesiae
521 821 589 862 sure
603 797 837 885 gubernatione
854 811 889 863 et
906 797 947 863 de
965 812 1041 865 actu
1059 811 1172 865 nostro
1188 797 1281 886 judi-

237 904 343 970 candi.
1288 921 1309 974 5

283 1014 436 1080 Caecilius
450 1036 470 1080 a
484 1012 570 1080 Bilta
583 1013 675 1079 dixit.
718 1015 793 1100 Ego
807 1035 909 1078 unum
925 1013 1087 1102 baptisma
1099 1014 1133 1079 in
1145 1013 1283 1080 eccloeia

238 1125 345 1191 solum
369 1127 449 1205 scio,
470 1139 504 1191 et
527 1140 618 1192 extra
639 1126 807 1191 ecclesiam
831 1127 968 1193 nullum.
1012 1128 1079 1193 Hic
1096 1129 1159 1193 erit
1178 1148 1281 1194 unum

236 1237 294 1303 nbi
308 1260 381 1325 spes
395 1261 468 1305 vera
481 1253 531 1305 est
552 1253 585 1304 et
602 1240 680 1304 fides
701 1252 800 1305 certa.
845 1240 899 1306 Sic
921 1240 1008 1306 enim
1029 1242 1185 1329 scriptum
1208 1253 1279 1308 ests

236 1357 253 1394 ¹
267 1348 337 1414 Uno
340 1347 438 1434 fides,
448 1370 513 1415 una
528 1364 606 1434 spes,
620 1371 717 1414 unum
732 1349 899 1435 baptismo,
914 1372 979 1415 non
993 1349 1080 1438 apud
1094 1349 1280 1430 haeoencos,

238 1460 296 1525 ubi
318 1483 392 1547 spes
413 1462 502 1527 nulla
522 1476 570 1528 est
592 1475 625 1528 et
648 1463 726 1528 fides
747 1461 840 1542 falsa,
860 1463 918 1528 ubi
939 1465 1048 1530 omnia
1069 1486 1127 1551 per
1148 1465 1320 1530 menda-10

237 1569 326 1634 cium
346 1585 514 1656 geruntur,
534 1570 590 1635 ubi
611 1571 773 1637 exorcizat
793 1570 1023 1652 daemoniacus,
1043 1584 1279 1638 sacramentum

236 1678 427 1766 interrogat,
458 1681 551 1769 cujus
586 1703 623 1746 os
659 1696 692 1746 et
720 1682 815 1747 verba
847 1704 963 1747 cancer
992 1683 1157 1763 emittunt,
1185 1666 1279 1749 fidem

231 1791 295 1857 dat
313 1792 463 1872 infidelis,
484 1794 609 1858 veniam
633 1793 824 1858 delictorum
848 1793 962 1859 tribuit
984 1794 1170 1873 sceleratus,
1193 1808 1228 1859 et
1248 1794 1279 1881 in

236 1901 368 1967 nomine
383 1900 507 1967 Christi
521 1902 619 1989 tingit
634 1902 852 1981 antichristus,
868 1903 1028 1968 benedicit
1043 1924 1062 1967 a
1081 1904 1158 1968 Deo
1179 1903 1278 1968 male·

235 2008 354 2091 dictus,
369 2013 465 2078 vitam
485 2013 659 2099 pollicetur
678 2025 968 2098 mortuus„pacem
990 2012 1046 2076 dat
1068 2012 1277 2098 impacificus,
1287 2028 1317 2080 lt

234 2120 345 2188 Deum
361 2119 488 2187 invocat
504 2121 724 2208 blasphemus,
739 2120 956 2187 sacerdotium
978 2120 1183 2187 administrat
1203 2144 1277 2211 pro·

235 2235 373 2324 phaone,
388 2236 481 2323 ponit
502 2235 600 2300 altare
622 2235 809 2321 sacrilegus.
854 2234 908 2299 Ad
930 2234 1001 2299 haec
1023 2234 1134 2299 omnia
1155 2232 1279 2299 acoedit

235 2357 268 2409 et
282 2343 365 2408 illud
379 2343 515 2424 malum,
531 2356 569 2407 ut
583 2343 741 2408 antistites
758 2342 880 2408 diaboli
895 2343 1034 2408 audeant
1051 2341 1277 2409 eucharistiam

234 2450 340 2520 facere
346 2475 357 2531 3
376 2465 432 2516 aut
447 2453 502 2538 qui
520 2452 582 2516 illis
601 2452 752 2517 assistunt
768 2451 876 2516 dicant
898 2451 969 2517 haec
990 2453 1100 2518 omnia
1114 2451 1199 2517 falsa
1212 2473 1279 2518 esse

234 2559 276 2625 de
290 2561 459 2625 haereticis.
503 2563 588 2626 Ecce
605 2561 646 2626 ad
665 2562 770 2649 qualia
790 2562 920 2648 cogitur
939 2561 1075 2627 ecclesia
1088 2562 1319 2642 consentirem

235 2683 269 2735 et
291 2671 358 2734 sine
380 2671 543 2756 baptismo
562 2673 703 2736 novenis
723 2671 915 2737 delictorum
931 2672 1173 2761 communicare
1188 2694 1278 2738 com·

234 2781 375 2869 pellitur.
420 2783 526 2868 Quam
544 2803 623 2860 rem,
639 2781 765 2859 fratres,
781 2781 894 2867 fugere
909 2803 947 2844 ac
962 2782 1059 2845 vitare
1073 2781 1232 2846 debemus
1246 2792 1280 2845 et

183 2930 189 2941 .
233 2912 254 2956 a
278 2903 369 2955 tanto
394 2889 511 2954 scelere
534 2912 592 2954 nos
615 2910 772 2976 separare,
794 2902 827 2952 et
849 2911 948 2953 unum
972 2889 1136 2976 baptisma
1148 2900 1279 2967 tenere,

233 3000 324 3089 quod
338 2999 399 3064 soli
413 2999 558 3064 ecclesiae
573 3021 593 3061 a
606 2997 752 3061 Domino
768 3017 958 3060 concessum
974 3009 1034 3062 est.

278 3109 404 3175 Primus
418 3132 437 3173 a
452 3107 615 3195 Misgirpa
629 3106 719 3170 dixit.
759 3106 885 3170 Censeo
900 3129 1032 3172 omnem
1053 3104 1223 3171 hominem
1238 3105 1317 3178 obst

232 3219 347 3285 haeresi
362 3219 543 3285 venientem
557 3215 800 3303 baptizandum.
846 3216 976 3279 Frustra
991 3214 1076 3278 enim
1096 3213 1165 3278 illic
1185 3223 1280 3301 putet

232 3352 268 3396 se
283 3353 352 3410 esse
365 3329 578 3415 baptizatum,
593 3348 668 3390 cum
694 3346 758 3387 non
783 3325 825 3387 sit
840 3324 1003 3411 baptisma
1017 3322 1078 3388 nisi
1092 3322 1128 3387 in
1142 3316 1280 3389 ecclesie

232 3461 335 3505 unum
350 3451 383 3503 et
398 3460 532 3502 verum:
558 3435 633 3521 quia
651 3447 685 3498 et
708 3434 800 3499 Deus
821 3455 914 3513 unus,
929 3447 964 3498 et
986 3431 1062 3498 fides
1082 3454 1161 3512 una,
1174 3444 1211 3497 et
1228 3452 1279 3498 oc·

232 3551 330 3616 alesia
352 3573 417 3614 una
436 3563 496 3628 est,
511 3548 544 3612 in
562 3567 626 3632 qua
647 3557 711 3610 stat
733 3566 833 3608 unum
856 3542 1016 3630 baptisma
1029 3555 1063 3608 et
1076 3540 1233 3606 sanctitas
1245 3552 1279 3607 et

231 3673 361 3727 caetera.
403 3660 493 3725 Nam
509 3680 582 3745 quae
597 3656 674 3722 foris
690 3669 897 3721 excercentur
910 3655 1035 3720 nullum
1055 3652 1179 3719 habent
1194 3653 1316 3727 salu-so

247 3771 255 3788 ·
369 3784 450 3835 tm.
555 3790 560 3799 '

232 3771 473 3968 ntlffgeyccssrpus
484 3880 529 3963 ab
543 3877 725 3944 Adrumeto
741 3875 831 3942 dixit.
867 3876 935 3965 Qui
950 3876 1181 3944 haeretiwmm
1194 3875 1276 3963 bap·

231 3990 327 4056 tisma
340 3991 479 4076 probant
492 3999 637 4055 nostrum
653 3997 819 4051 evacuant.

652 4212 667 4241 ¹
683 4208 772 4272 ephes.
784 4210 816 4257 iv.
829 4219 853 4259 5.
