2678 4756
271 302 274 307 ’
311 293 364 361 ΙΝ
388 288 616 359 CONClLlA
638 290 874 359 CARTHAG.
1056 286 1117 381 145

66 500 72 507 ·
92 541 96 547 .
118 464 153 531 Ρ.
165 453 217 532 ἐεζ
233 462 257 530 l.
269 476 320 530 24.
340 464 435 552 plene
455 460 661 546 sanctificari]
679 459 777 529 Colb.
793 463 868 528 MS.
888 461 1002 546 phane:
1026 462 1116 549 quod

65 551 170 633 etiam
188 552 222 616 in
244 573 310 615 uuo
331 571 351 614 e
372 551 439 615 suis
457 550 649 614 Oxoniensis
663 549 768 614 editor
782 548 926 613 offendit.
972 544 1117 614 Conclu-

67 639 144 701 nior
156 651 207 703 est
220 636 319 702 lectio
334 647 515 700 ceterorum
529 634 699 700 librorum.
744 635 822 697 Hoc
837 635 921 698 enirn
935 633 1009 699 istic
1024 633 1117 719 plene

67 721 263 809 sanctificari
274 733 379 802 sonat,
394 719 482 808 quod
498 719 704 791 consummari
718 719 749 783 in
770 719 820 782 his
834 718 979 806 ejusdem
997 720 1118 807 Cypri-

66 809 123 873 ani
135 809 230 895 epist.
245 807 344 872 lxxiii.
360 819 397 871 nt
407 822 467 892 per
477 816 615 870 nostram
630 805 798 870 orationem
812 827 849 868 oc
862 827 974 870 manns
988 804 1116 892 imposi-

67 893 185 958 tionem
198 892 346 978 spiritum
359 902 501 958 sanctum
522 902 757 978 consequuntur,
777 901 808 954 et
828 890 987 978 signando
1002 892 1116 955 Durni-

65 978 136 1042 nico
153 997 500 1044 oonsouussrun.
539 978 636 1042 Porro
657 978 857 1064 Cyprianum
880 976 931 1041 his
950 979 1066 1059 verbis,
1086 977 1116 1043 si

66 1073 200 1151 utroque
214 1074 404 1128 reuomente
418 1073 598 1142 moecatur,
613 1076 652 1127 ut
665 1062 808 1126 haeretici
821 1062 863 1125 ad
876 1063 1045 1129 ecelesiam
1060 1084 1114 1128 ve-

66 1150 194 1214 nientes
222 1148 476 1214 confirmationis
501 1163 736 1213 sacramentum
766 1168 829 1212 uua
853 1169 927 1212 cum
951 1150 1114 1235 baptismo

66 1234 258 1322 suscipiant,
288 1234 464 1322 postulare,
493 1255 533 1298 ex
567 1235 714 1298 sub'ecta
749 1232 974 1299 dissertatione
1003 1250 1114 1300 nostra

67 1340 161 1385 uum.
188 1331 224 1397 17
246 1333 280 1385 et
302 1332 350 1384 18.
372 1319 504 1405 planum
522 1316 588 1384 fiet.
614 1257 839 1383 dousrnur.
884 1321 952 1419 Qui
972 1322 1003 1384 in
1020 1321 1111 1386 Rom.

64 1402 192 1507 Pontis.
207 1407 294 1491 Epp.
306 1405 403 1470 hasce
413 1404 454 1469 ad
465 1404 667 1491 Stephanum
678 1404 801 1469 litteras
811 1405 939 1484 locarit,
948 1405 990 1471 ad
1001 1413 1112 1491 parti.

110 1490 199 1556 lbrd.
218 1506 419 1555 sacramento
441 1491 594 1576 utroque]
615 1490 784 1575 Baptismo
806 1503 840 1554 et
861 1493 963 1555 sancti
983 1491 1112 1576 spiritus

64 1573 240 1656 infusione,
268 1575 304 1641 id
329 1591 391 1654 est,
414 1588 453 1639 ut
481 1575 568 1640 dicet
592 1575 797 1660 paulopost,
822 1599 841 1639 a
864 1598 905 1640 ua
928 1589 961 1640 et
985 1577 1111 1662 spiritu.

39 1682 54 1721 ·.
64 1660 171 1726 Quod
182 1683 269 1748 sepe
283 1662 401 1748 repetit
414 1660 501 1726 alibi.
546 1660 765 1726 Tertullianus
778 1660 811 1724 in
825 1598 910 1725 lilrro
924 1661 965 1725 de
980 1663 1112 1747 virgini-

64 1744 130 1811 bus
151 1747 313 1813 mandis:
337 1746 408 1813 [bra
431 1745 519 1810 nolis
543 1757 575 1809 et
601 1744 668 1809 illis
682 1745 781 1831 fides,
805 1768 885 1811 renus
907 1748 1006 1826 Deus,
1029 1748 1112 1814 idem

65 1831 224 1915 Christus,
237 1832 346 1913 eodeni
366 1846 455 1916 spes,
469 1832 574 1895 eodem
594 1831 713 1896 levoni
727 1843 933 1898 tauromenio.
979 1833 1112 1900 Siricius

64 1917 100 1982 iu
120 1906 261 2004 epistola
280 1917 322 1982 ad
345 1917 550 1982 Himerium:
573 1916 684 2003 quibus
699 1916 772 1981 solis
789 1932 848 2002 per
862 1938 981 1982 annum
994 1917 1110 1999 dutus,

62 2002 166 2069 idest
220 2002 341 2068 scheda
354 2014 389 2066 et
399 2013 613 2088 pentecostes,
624 2000 771 2088 adfidem
781 2002 1005 2086 confluentibus
1016 2026 1111 2091 gene·

61 2087 154 2154 relic
166 2024 364 2174 iffptismotis
378 2088 463 2153 tradi
476 2088 616 2152 conuenit
627 2098 833 2152 reuomente.
864 2089 950 2154 Vide
965 2088 1111 2154 Sirmon-

61 2174 147 2241 dum
159 2176 266 2260 eapite
279 2174 395 2262 quinto
413 2173 545 2237 secundi
559 2173 770 2252 antirrhetici,
786 2174 842 2238 ubi
861 2174 1001 2260 explicat
1022 2175 1110 2241 hunc

61 2260 224 2346 Cypriani
236 2259 357 2325 locum.
379 2259 464 2325 Vide
474 2259 574 2322 etiarn
589 2271 634 2324 to.
643 2273 673 2323 2.
687 2256 923 2344 capitularium
937 2280 1012 2359 pag.
1022 2269 1109 2326 1236.

63 2344 234 2411 Caeterum
255 2366 315 2432 pro
338 2354 470 2431 utroque
487 2345 548 2432 'qui
595 2365 635 2409 ue
650 2357 756 2410 vetera
774 2345 968 2431 exemplaria
989 2347 1111 2414 habent

62 2441 243 2518 urnamque.
265 2432 476 2511 Batuzrus.
610 2431 749 2514 aptismo
764 2452 986 2518 manuumque
1003 2432 1110 2519 impo-

61 2516 184 2581 sitione
205 2530 281 2605 post
296 2515 506 2666 baptismum,
524 2512 723 2602 Cyprianum
739 2516 1013 2602 interpretandum
1028 2540 1110 2598 esse,

55 2602 145 2667 satis
170 2600 313 2668 ostendit
360 2600 530 2687 uffragium
559 2600 721 2666 Quintum
747 2600 938 2667 Coucrurr
964 2604 1110 2688 proxime

62 2688 240 2774 sequentis,
261 2706 339 2752 cum
362 2686 496 2750 Canoue
514 2697 561 2762 17.
587 2685 703 2750 Conoil.
726 2685 852 2752 Arelot.
871 2708 915 2751 11.
940 2689 1109 2755 collatum.

62 2774 116 2837 En
131 2773 227 2838 verba
241 2771 405 2857 Suffragii,
421 2769 515 2836 Male
535 2793 608 2858 ergo
631 2771 689 2835 sibi
711 2771 841 2858 qnidam
862 2771 1109 2857 interpretantur

64 2858 212 2937 (easdem
226 2857 377 2943 designat
386 2856 521 2921 loannis
530 2878 623 2920 voces
636 2857 834 2943 episeopus),
848 2868 885 2922 ut
896 2858 1014 2939 dicum,
1026 2861 1111 2947 quod

57 2956 120 3029 per
132 2964 247 3008 monus
259 2941 485 3028 impositionem
504 2941 660 3027 Spiritum
682 2942 831 3008 Sanctum
851 2943 1005 3028 accipiant
1021 2947 1111 3012 etsie

60 3028 276 3114 recipiantur,
296 3050 367 3093 cunr
377 3026 581 3114 menifestum
592 3027 635 3092 sit
649 3040 787 3115 utroque
795 3043 995 3094 sacramento
1004 3030 1110 3097 dehere

59 3126 114 3178 e'os
128 3113 250 3179 renosci
263 3113 297 3178 in
311 3111 439 3179 ecclesio
454 3111 617 3178 catholieo.
645 3114 760 3178 Canon
778 3128 889 3179 autern
909 3115 1108 3182 Arelatensis

62 3199 206 3264 Concilii
221 3201 266 3264 ita
281 3221 315 3264 se
326 3199 424 3264 habet
432 3224 441 3277 3
466 3198 648 3264 Bonosiocos
662 3210 766 3263 autern
778 3223 818 3263 err
831 3199 934 3262 eodem
944 3222 1046 3266 errore
1055 3224 1108 3266 ve-

58 3285 195 3365 nientes,
216 3306 292 3372 qnos
313 3285 394 3349 siout
411 3285 548 3349 Arianos
571 3283 728 3370 baptizari
749 3285 783 3349 in
798 3283 953 3349 Trinitote
971 3286 1108 3373 manfi-

59 3379 149 3435 slunr
162 3380 222 3452 est,
237 3371 311 3435 dum
327 3370 512 3457 interrogati
522 3369 624 3457 fidens
641 3382 779 3434 nostrum
799 3392 838 3434 ea
856 3380 919 3433 toto
933 3370 1023 3436 corde
1037 3395 1109 3437 con·

46 3454 290 3544 fessifiierint‚
312 3476 542 3521 cunrsuars
564 3476 611 3521 ar
634 3477 769 3521 atauus
794 3476 1052 3521 ruroslrrona
1073 3457 1108 3528 in

58 3540 192 3607 ecclesio
212 3541 309 3627 recipi
330 3540 453 3627 sufficit.
503 3541 602 3620 Hinc,
625 3542 657 3605 ui
677 3542 783 3621 fallor,
806 3553 945 3621 constat,
964 3544 1048 3608 sicut
1067 3567 1107 3610 ex

62 3626 224 3716 Cypriani
238 3627 342 3692 verbis
357 3648 377 3690 a
391 3626 585 3693 Coustantio
604 3648 700 3726 supra
717 3627 832 3706 allatis,
847 3628 904 3727 qui
918 3628 1040 3694 interea
1053 3648 1108 3696 'ca-

60 3733 184 3778 nonem
220 3712 312 3777 illum
344 3711 484 3777 Consilii
517 3712 658 3776 Secundi
689 3713 900 3793 Arelatensis,
935 3737 1106 3802 nusquam,

60 3798 153 3887 quod
168 3798 383 3877 meminerim,
397 3796 541 3878 adduxit,
558 3797 798 3883 intelligendam
812 3818 881 3862 esse
894 3800 1010 3880 verbis,
1021 3813 1108 3867 ntro·

60 3906 124 3973 pree
144 3894 351 3963 annumerato,
382 3904 449 3948 nou
467 3905 582 3970 aquam
603 3884 757 3968 baptismi
769 3896 808 3948 et
834 3883 973 3970 Spiritus
996 3888 1108 3953 Sancti

56 3969 204 4071 gatiam
233 3970 267 4034 in
296 3992 337 4034 eo
363 3968 527 4047 collatam,
564 3990 668 4055 neque
698 3969 896 4056 baptismum
927 3992 1107 4059 manusque

59 4054 317 4142 impositionem·
331 4054 365 4118 in
383 4051 615 4139 poenitentiorn‚
644 4054 750 4121 multo
776 4057 883 4119 miuus
908 4056 1106 4141 baptismum

56 4152 159 4228 atque
179 4140 420 4222 eucharistiam,
442 4138 500 4206 sed
520 4139 673 4227 baptismi
694 4152 729 4205 et
751 4141 1003 4206 confirmationis
1024 4143 1106 4230 bap·

58 4226 150 4294 tismi
179 4240 389 4298 sementa.
448 4227 568 4316 Neque
599 4226 692 4301 aliter
720 4239 935 4313 exponentem
961 4226 1107 4321 humet

102 4332 194 4381 vot.
212 4332 277 4381 ιη.
577 4331 599 4376 u
1037 4325 1042 4337 ⁴
