<?xml version="1.0" encoding="UTF-8"?>
<!DOCTYPE html PUBLIC "-//W3C//DTD XHTML 1.0 Transitional//EN"
    "http://www.w3.org/TR/xhtml1/DTD/xhtml1-transitional.dtd">
<html xmlns="http://www.w3.org/1999/xhtml" xml:lang="en" lang="en">
 <head>
  <title>
</title>
<meta http-equiv="Content-Type" content="text/html;charset=utf-8" />
  <meta name='ocr-system' content='tesseract 3.04.00' />
  <meta name='ocr-capabilities' content='ocr_page ocr_carea ocr_par ocr_line ocrx_word'/>
</head>
<body>
  <div class='ocr_page' id='page_1' title='image "./reliquiaesacrae11routgoog_0161.png"; bbox 0 0 2678 4756; ppageno 0'>
   <div class='ocr_carea' id='block_1_1' title="bbox 218 275 916 366">
    <p class='ocr_par' dir='ltr' id='par_1_1' title="bbox 218 275 916 366">
     <span class='ocr_line' id='line_1_1' title="bbox 218 275 916 366; baseline 0.001 -22"><span class='ocrx_word' id='word_1_1' title='bbox 218 275 280 366; x_wconf 71' lang='lat'><strong>136</strong></span> <span class='ocrx_word' id='word_1_2' title='bbox 427 348 429 353; x_wconf 77' lang='grc'>,</span> <span class='ocrx_word' id='word_1_3' title='bbox 476 310 482 322; x_wconf 89' lang='lat'><em>·</em></span> <span class='ocrx_word' id='word_1_4' title='bbox 553 277 916 347; x_wconf 69' lang='lat' dir='ltr'><strong>sanctimonae</strong></span> 
     </span>
    </p>
   </div>
   <div class='ocr_carea' id='block_1_2' title="bbox 179 446 1337 4302">
    <p class='ocr_par' dir='ltr' id='par_1_2' title="bbox 216 446 1263 539">
     <span class='ocr_line' id='line_1_2' title="bbox 216 446 1263 539; baseline 0.005 -27"><span class='ocrx_word' id='word_1_5' title='bbox 216 446 466 536; x_wconf 70' lang='lat' dir='ltr'><strong>Episcopum,</strong></span> <span class='ocrx_word' id='word_1_6' title='bbox 482 450 596 514; x_wconf 86' lang='lat' dir='ltr'><strong>merito</strong></span> <span class='ocrx_word' id='word_1_7' title='bbox 612 452 643 515; x_wconf 90' lang='lat' dir='ltr'><strong>in</strong></span> <span class='ocrx_word' id='word_1_8' title='bbox 658 450 833 537; x_wconf 82' lang='lat' dir='ltr'><strong>pandectas</strong></span> <span class='ocrx_word' id='word_1_9' title='bbox 847 448 1058 516; x_wconf 86' lang='lat' dir='ltr'><strong>conciliorum</strong></span> <span class='ocrx_word' id='word_1_10' title='bbox 1079 448 1263 539; x_wconf 78' lang='lat' dir='ltr'><strong>recipieba-</strong></span> 
     </span>
    </p>

    <p class='ocr_par' dir='ltr' id='par_1_3' title="bbox 179 535 1273 1392">
     <span class='ocr_line' id='line_1_3' title="bbox 192 535 1265 624; baseline 0.005 -26"><span class='ocrx_word' id='word_1_11' title='bbox 192 560 195 569; x_wconf 88' lang='lat'>·</span> <span class='ocrx_word' id='word_1_12' title='bbox 218 546 292 611; x_wconf 81' lang='lat' dir='ltr'><strong>tur3</strong></span> <span class='ocrx_word' id='word_1_13' title='bbox 316 548 350 599; x_wconf 89' lang='lat' dir='ltr'><strong>et</strong></span> <span class='ocrx_word' id='word_1_14' title='bbox 365 535 410 599; x_wconf 90' lang='lat' dir='ltr'><strong>ita</strong></span> <span class='ocrx_word' id='word_1_15' title='bbox 425 535 467 600; x_wconf 89' lang='lat' dir='ltr'><strong>ad</strong></span> <span class='ocrx_word' id='word_1_16' title='bbox 482 536 671 616; x_wconf 86' lang='lat' dir='ltr'><strong>Orientales,</strong></span> <span class='ocrx_word' id='word_1_17' title='bbox 696 537 752 624; x_wconf 91' lang='lat' dir='ltr'><strong>qui</strong></span> <span class='ocrx_word' id='word_1_18' title='bbox 772 537 967 601; x_wconf 85' lang='lat' dir='ltr'><strong>diversarum</strong></span> <span class='ocrx_word' id='word_1_19' title='bbox 990 536 1195 623; x_wconf 88' lang='lat' dir='ltr'><strong>synodorum</strong></span> <span class='ocrx_word' id='word_1_20' title='bbox 1210 537 1265 603; x_wconf 84' lang='lat' dir='ltr'><strong>di-</strong></span> 
     </span>
     <span class='ocr_line' id='line_1_4' title="bbox 217 619 1264 708; baseline 0.005 -27"><span class='ocrx_word' id='word_1_21' title='bbox 217 619 314 682; x_wconf 87' lang='lat' dir='ltr'><strong>versis</strong></span> <span class='ocrx_word' id='word_1_22' title='bbox 335 621 535 706; x_wconf 82' lang='lat' dir='ltr'>temporibus</span> <span class='ocrx_word' id='word_1_23' title='bbox 554 622 735 687; x_wconf 84' lang='lat' dir='ltr'><strong>habitarum</strong></span> <span class='ocrx_word' id='word_1_24' title='bbox 752 623 881 687; x_wconf 82' lang='lat' dir='ltr'><strong>decreta</strong></span> <span class='ocrx_word' id='word_1_25' title='bbox 898 643 958 708; x_wconf 92' lang='lat' dir='ltr'><strong>pro</strong></span> <span class='ocrx_word' id='word_1_26' title='bbox 972 621 1118 707; x_wconf 91' lang='lat' dir='ltr'><strong>ejusdem</strong></span> <span class='ocrx_word' id='word_1_27' title='bbox 1132 622 1264 708; x_wconf 82' lang='lat' dir='ltr'><strong>placitis</strong></span> 
     </span>
     <span class='ocr_line' id='line_1_5' title="bbox 217 703 1264 790; baseline 0.005 -23"><span class='ocrx_word' id='word_1_28' title='bbox 217 703 429 790; x_wconf 79' lang='lat' dir='ltr'><strong>accipiebant,</strong></span> <span class='ocrx_word' id='word_1_29' title='bbox 450 728 556 771; x_wconf 88' lang='lat' dir='ltr'><strong>errore</strong></span> <span class='ocrx_word' id='word_1_30' title='bbox 575 730 640 771; x_wconf 89' lang='lat' dir='ltr'><strong>non</strong></span> <span class='ocrx_word' id='word_1_31' title='bbox 662 707 838 772; x_wconf 81' lang='lat' dir='ltr'><strong>admodum</strong></span> <span class='ocrx_word' id='word_1_32' title='bbox 853 707 1021 787; x_wconf 87' lang='lat' dir='ltr'><strong>damnoso,</strong></span> <span class='ocrx_word' id='word_1_33' title='bbox 1036 706 1143 772; x_wconf 72' lang='lat' dir='ltr'><strong>furerat</strong></span> <span class='ocrx_word' id='word_1_34' title='bbox 1157 722 1264 773; x_wconf 85' lang='lat' dir='ltr'><strong>trans·</strong></span> 
     </span>
     <span class='ocr_line' id='line_1_6' title="bbox 218 790 1263 893; baseline 0.006 -40"><span class='ocrx_word' id='word_1_35' title='bbox 218 790 327 854; x_wconf 88' lang='lat' dir='ltr'><strong>missa.</strong></span> <span class='ocrx_word' id='word_1_36' title='bbox 373 793 473 857; x_wconf 86' lang='lat' dir='ltr'><strong>Porro</strong></span> <span class='ocrx_word' id='word_1_37' title='bbox 497 794 688 874; x_wconf 85' lang='lat' dir='ltr'><strong>notandum,</strong></span> <span class='ocrx_word' id='word_1_38' title='bbox 711 815 823 858; x_wconf 89' lang='lat' dir='ltr'><strong>omnes</strong></span> <span class='ocrx_word' id='word_1_39' title='bbox 845 793 988 893; x_wconf 81' lang='lat' dir='ltr'><strong>synodos</strong></span> <span class='ocrx_word' id='word_1_40' title='bbox 1006 793 1178 859; x_wconf 83' lang='lat' dir='ltr'><strong>Africanas</strong></span> <span class='ocrx_word' id='word_1_41' title='bbox 1200 794 1263 859; x_wconf 86' lang='lat' dir='ltr'><strong>sub</strong></span> 
     </span>
     <span class='ocr_line' id='line_1_7' title="bbox 179 874 1263 962; baseline 0.006 -24"><span class='ocrx_word' id='word_1_42' title='bbox 179 901 185 914; x_wconf 88' lang='lat'><strong>·</strong></span> <span class='ocrx_word' id='word_1_43' title='bbox 220 874 398 962; x_wconf 79' lang='lat' dir='ltr'><strong>cypriano,</strong></span> <span class='ocrx_word' id='word_1_44' title='bbox 413 900 433 940; x_wconf 88' lang='lat' dir='ltr'><strong>a</strong></span> <span class='ocrx_word' id='word_1_45' title='bbox 449 878 597 943; x_wconf 90' lang='lat' dir='ltr'><strong>Concilio</strong></span> <span class='ocrx_word' id='word_1_46' title='bbox 612 894 702 943; x_wconf 87' lang='lat' dir='ltr'><strong>sexto</strong></span> <span class='ocrx_word' id='word_1_47' title='bbox 718 879 870 944; x_wconf 83' lang='lat' dir='ltr'><strong>Generalr</strong></span> <span class='ocrx_word' id='word_1_48' title='bbox 884 881 917 943; x_wconf 90' lang='lat' dir='ltr'><strong>in</strong></span> <span class='ocrx_word' id='word_1_49' title='bbox 931 878 1045 943; x_wconf 90' lang='lat' dir='ltr'><strong>Trullo</strong></span> <span class='ocrx_word' id='word_1_50' title='bbox 1059 878 1160 943; x_wconf 85' lang='lat' dir='ltr'><strong>fuisse</strong></span> <span class='ocrx_word' id='word_1_51' title='bbox 1181 900 1263 945; x_wconf 86' lang='lat' dir='ltr'><strong>con·</strong></span> 
     </span>
     <span class='ocr_line' id='line_1_8' title="bbox 216 959 1260 1051; baseline 0.002 -24"><span class='ocrx_word' id='word_1_52' title='bbox 216 959 359 1027; x_wconf 76' lang='lat' dir='ltr'><strong>firmatas</strong></span> <span class='ocrx_word' id='word_1_53' title='bbox 383 984 454 1027; x_wconf 88' lang='lat' dir='ltr'><strong>can.</strong></span> <span class='ocrx_word' id='word_1_54' title='bbox 470 978 501 1028; x_wconf 77' lang='lat'><strong>2.</strong></span> <span class='ocrx_word' id='word_1_55' title='bbox 525 966 551 1027; x_wconf 85' lang='lat' dir='ltr'>F</span> <span class='ocrx_word' id='word_1_56' title='bbox 553 985 687 1028; x_wconf 78' lang='lat' dir='ltr'><strong>uanus.</strong></span> <span class='ocrx_word' id='word_1_57' title='bbox 734 964 868 1029; x_wconf 86' lang='lat' dir='ltr'><strong>Monuit</strong></span> <span class='ocrx_word' id='word_1_58' title='bbox 896 963 1049 1029; x_wconf 83' lang='lat' dir='ltr'><strong>leuzius</strong></span> <span class='ocrx_word' id='word_1_59' title='bbox 1072 965 1260 1051; x_wconf 85' lang='lat' dir='ltr'><strong>inscriptio·</strong></span> 
     </span>
     <span class='ocr_line' id='line_1_9' title="bbox 218 1048 1271 1135; baseline 0.006 -25"><span class='ocrx_word' id='word_1_60' title='bbox 218 1068 293 1111; x_wconf 85' lang='lat' dir='ltr'><strong>nem</strong></span> <span class='ocrx_word' id='word_1_61' title='bbox 322 1048 404 1113; x_wconf 87' lang='lat' dir='ltr'><strong>hanc</strong></span> <span class='ocrx_word' id='word_1_62' title='bbox 428 1071 498 1113; x_wconf 87' lang='lat' dir='ltr'><strong>esse</strong></span> <span class='ocrx_word' id='word_1_63' title='bbox 521 1050 553 1114; x_wconf 92' lang='lat' dir='ltr'><strong>in</strong></span> <span class='ocrx_word' id='word_1_64' title='bbox 577 1049 676 1113; x_wconf 86' lang='lat' dir='ltr'><strong>codice</strong></span> <span class='ocrx_word' id='word_1_65' title='bbox 700 1050 823 1114; x_wconf 80' lang='lat' dir='ltr'><strong>Tituoni</strong></span> <span class='ocrx_word' id='word_1_66' title='bbox 833 1076 847 1130; x_wconf 82' lang='lat'><strong>,-</strong></span> <span class='ocrx_word' id='word_1_67' title='bbox 869 1049 984 1135; x_wconf 78' lang='lat' dir='ltr'><strong>Incipit</strong></span> <span class='ocrx_word' id='word_1_68' title='bbox 1006 1050 1049 1114; x_wconf 88' lang='lat' dir='ltr'><strong>od</strong></span> <span class='ocrx_word' id='word_1_69' title='bbox 1064 1049 1271 1116; x_wconf 76' lang='lat' dir='ltr'><strong>Jutaianam·</strong></span> 
     </span>
     <span class='ocr_line' id='line_1_10' title="bbox 219 1130 1273 1221; baseline -0.001 -26"><span class='ocrx_word' id='word_1_70' title='bbox 219 1130 322 1218; x_wconf 82' lang='lat' dir='ltr'><strong>(quod</strong></span> <span class='ocrx_word' id='word_1_71' title='bbox 345 1157 464 1199; x_wconf 92' lang='lat' dir='ltr'><strong>nomen</strong></span> <span class='ocrx_word' id='word_1_72' title='bbox 488 1133 521 1199; x_wconf 91' lang='lat' dir='ltr'><strong>in</strong></span> <span class='ocrx_word' id='word_1_73' title='bbox 544 1136 690 1221; x_wconf 87' lang='lat' dir='ltr'><strong>plurimis</strong></span> <span class='ocrx_word' id='word_1_74' title='bbox 711 1135 806 1200; x_wconf 90' lang='lat' dir='ltr'><strong>codd.</strong></span> <span class='ocrx_word' id='word_1_75' title='bbox 823 1150 911 1200; x_wconf 81' lang='lat' dir='ltr'><strong>extet</strong></span> <span class='ocrx_word' id='word_1_76' title='bbox 924 1158 984 1221; x_wconf 89' lang='lat' dir='ltr'><strong>pro</strong></span> <span class='ocrx_word' id='word_1_77' title='bbox 995 1135 1164 1218; x_wconf 82' lang='lat' dir='ltr'><strong>Jonuurio)</strong></span> <span class='ocrx_word' id='word_1_78' title='bbox 1183 1136 1273 1201; x_wconf 79' lang='lat' dir='ltr'><strong>iiber.</strong></span> 
     </span>
     <span class='ocr_line' id='line_1_11' title="bbox 217 1219 1261 1307; baseline 0.004 -25"><span class='ocrx_word' id='word_1_79' title='bbox 217 1219 376 1300; x_wconf 84' lang='lat' dir='ltr'><strong>secundus,</strong></span> <span class='ocrx_word' id='word_1_80' title='bbox 397 1221 428 1284; x_wconf 91' lang='lat' dir='ltr'><strong>in</strong></span> <span class='ocrx_word' id='word_1_81' title='bbox 451 1243 517 1284; x_wconf 91' lang='lat' dir='ltr'><strong>uno</strong></span> <span class='ocrx_word' id='word_1_82' title='bbox 533 1242 606 1285; x_wconf 88' lang='lat' dir='ltr'><strong>vero</strong></span> <span class='ocrx_word' id='word_1_83' title='bbox 621 1221 730 1299; x_wconf 88' lang='lat' dir='ltr'><strong>veteri,</strong></span> <span class='ocrx_word' id='word_1_84' title='bbox 744 1221 857 1306; x_wconf 80' lang='lat' dir='ltr'><strong>incipit</strong></span> <span class='ocrx_word' id='word_1_85' title='bbox 872 1219 1113 1299; x_wconf 77' lang='lat' dir='ltr'><strong>udJulruianum</strong></span> <span class='ocrx_word' id='word_1_86' title='bbox 1127 1220 1261 1307; x_wconf 81' lang='lat' dir='ltr'><strong>epistola</strong></span> 
     </span>
     <span class='ocr_line' id='line_1_12' title="bbox 217 1304 829 1392; baseline 0 -21"><span class='ocrx_word' id='word_1_87' title='bbox 217 1304 312 1371; x_wconf 82' lang='lat' dir='ltr'><strong>tertio</strong></span> <span class='ocrx_word' id='word_1_88' title='bbox 326 1306 364 1368; x_wconf 87' lang='lat' dir='ltr'><strong>de</strong></span> <span class='ocrx_word' id='word_1_89' title='bbox 379 1305 427 1369; x_wconf 75' lang='lat' dir='ltr'><strong>leis</strong></span> <span class='ocrx_word' id='word_1_90' title='bbox 442 1306 528 1391; x_wconf 88' lang='lat' dir='ltr'><strong>ipsis,</strong></span> <span class='ocrx_word' id='word_1_91' title='bbox 543 1307 575 1370; x_wconf 93' lang='lat' dir='ltr'><strong>id</strong></span> <span class='ocrx_word' id='word_1_92' title='bbox 591 1316 651 1384; x_wconf 87' lang='lat' dir='ltr'><strong>est,</strong></span> <span class='ocrx_word' id='word_1_93' title='bbox 665 1307 706 1371; x_wconf 87' lang='lat' dir='ltr'><strong>de</strong></span> <span class='ocrx_word' id='word_1_94' title='bbox 720 1307 829 1392; x_wconf 87' lang='lat' dir='ltr'><strong>lapsis.</strong></span> 
     </span>
    </p>

    <p class='ocr_par' dir='ltr' id='par_1_4' title="bbox 214 1391 1337 4302">
     <span class='ocr_line' id='line_1_13' title="bbox 259 1391 1260 1477; baseline 0.002 -24"><span class='ocrx_word' id='word_1_95' title='bbox 259 1391 359 1477; x_wconf 75' lang='lat' dir='ltr'><strong>Quod</strong></span> <span class='ocrx_word' id='word_1_96' title='bbox 388 1391 429 1454; x_wconf 91' lang='lat' dir='ltr'><strong>ad</strong></span> <span class='ocrx_word' id='word_1_97' title='bbox 458 1413 614 1455; x_wconf 86' lang='lat' dir='ltr'><strong>canonem</strong></span> <span class='ocrx_word' id='word_1_98' title='bbox 646 1393 761 1457; x_wconf 85' lang='lat' dir='ltr'><strong>attinet</strong></span> <span class='ocrx_word' id='word_1_99' title='bbox 792 1392 931 1457; x_wconf 91' lang='lat' dir='ltr'><strong>Concilii</strong></span> <span class='ocrx_word' id='word_1_100' title='bbox 961 1393 1049 1457; x_wconf 84' lang='lat' dir='ltr'><strong>Sexti</strong></span> <span class='ocrx_word' id='word_1_101' title='bbox 1079 1391 1260 1471; x_wconf 82' lang='lat' dir='ltr'><strong>Generalis,</strong></span> 
     </span>
     <span class='ocr_line' id='line_1_14' title="bbox 215 1475 1261 1564; baseline 0.002 -27"><span class='ocrx_word' id='word_1_102' title='bbox 215 1477 312 1539; x_wconf 83' lang='lat' dir='ltr'><strong>verba</strong></span> <span class='ocrx_word' id='word_1_103' title='bbox 328 1489 454 1561; x_wconf 85' lang='lat' dir='ltr'><strong>patrum</strong></span> <span class='ocrx_word' id='word_1_104' title='bbox 471 1490 555 1554; x_wconf 82' lang='lat' dir='ltr'><strong>sunt,</strong></span> <span class='ocrx_word' id='word_1_105' title='bbox 569 1477 802 1563; x_wconf 75' lang='grc' dir='ltr'><em>ἔτνσφραγόζομεν</em></span> <span class='ocrx_word' id='word_1_106' title='bbox 817 1479 844 1540; x_wconf 76' lang='grc' dir='ltr'><strong>δὲ</strong></span> <span class='ocrx_word' id='word_1_107' title='bbox 859 1479 881 1564; x_wconf 63' lang='lat' dir='ltr'><strong>ti,</strong></span> <span class='ocrx_word' id='word_1_108' title='bbox 894 1476 946 1551; x_wconf 66' lang='grc' dir='ltr'><strong>τός</strong></span> <span class='ocrx_word' id='word_1_109' title='bbox 956 1475 1261 1563; x_wconf 67' lang='grc' dir='ltr'><em>λοντόςπάνταςῖερός</em></span> 
     </span>
     <span class='ocr_line' id='line_1_15' title="bbox 217 1560 1261 1648; baseline 0.001 -23"><span class='ocrx_word' id='word_1_110' title='bbox 217 1561 332 1639; x_wconf 75' lang='grc' dir='ltr'><em>κανόνας</em></span> <span class='ocrx_word' id='word_1_111' title='bbox 352 1560 403 1635; x_wconf 67' lang='lat' dir='ltr'><strong>rtis</strong></span> <span class='ocrx_word' id='word_1_112' title='bbox 423 1564 471 1625; x_wconf 83' lang='lat' dir='ltr'><strong>tini</strong></span> <span class='ocrx_word' id='word_1_113' title='bbox 486 1568 539 1626; x_wconf 79' lang='grc' dir='ltr'><strong>τῶν</strong></span> <span class='ocrx_word' id='word_1_114' title='bbox 551 1561 640 1646; x_wconf 74' lang='grc' dir='ltr'><em>ἁγίαν</em></span> <span class='ocrx_word' id='word_1_115' title='bbox 655 1564 676 1648; x_wconf 78' lang='lat' dir='ltr'><strong>’i</strong></span> <span class='ocrx_word' id='word_1_116' title='bbox 690 1560 837 1648; x_wconf 75' lang='grc' dir='ltr'><em>μακαρίων</em></span> <span class='ocrx_word' id='word_1_117' title='bbox 856 1564 983 1647; x_wconf 79' lang='grc' dir='ltr'><em>πατέρων</em></span> <span class='ocrx_word' id='word_1_118' title='bbox 998 1571 1071 1644; x_wconf 80' lang='grc' dir='ltr'><em>ἡμῶν</em></span> <span class='ocrx_word' id='word_1_119' title='bbox 1085 1562 1261 1640; x_wconf 61' lang='lat' dir='ltr'><strong>insedimus,</strong></span> 
     </span>
     <span class='ocr_line' id='line_1_16' title="bbox 214 1645 1337 1735; baseline 0.008 -27"><span class='ocrx_word' id='word_1_120' title='bbox 214 1648 277 1708; x_wconf 53' lang='grc' dir='ltr'><strong>ἧντ’</strong></span> <span class='ocrx_word' id='word_1_121' title='bbox 293 1645 348 1718; x_wconf 82' lang='grc' dir='ltr'><strong>ἔςιν</strong></span> <span class='ocrx_word' id='word_1_122' title='bbox 363 1655 417 1710; x_wconf 81' lang='grc' dir='ltr'><strong>τῶν</strong></span> <span class='ocrx_word' id='word_1_123' title='bbox 431 1674 462 1710; x_wconf 80' lang='grc' dir='ltr'><strong>τε</strong></span> <span class='ocrx_word' id='word_1_124' title='bbox 478 1650 505 1708; x_wconf 82' lang='grc' dir='ltr'><strong>ἐν</strong></span> <span class='ocrx_word' id='word_1_125' title='bbox 517 1648 638 1734; x_wconf 74' lang='grc' dir='ltr'><em>Ννκαόᾳ,</em></span> <span class='ocrx_word' id='word_1_126' title='bbox 651 1649 711 1713; x_wconf 76' lang='lat' dir='ltr'><strong>&amp;c</strong></span> <span class='ocrx_word' id='word_1_127' title='bbox 727 1649 844 1712; x_wconf 86' lang='lat' dir='ltr'><strong>deinde</strong></span> <span class='ocrx_word' id='word_1_128' title='bbox 857 1663 931 1734; x_wconf 90' lang='lat' dir='ltr'><strong>post</strong></span> <span class='ocrx_word' id='word_1_129' title='bbox 942 1650 1105 1712; x_wconf 84' lang='lat' dir='ltr'><strong>nominata</strong></span> <span class='ocrx_word' id='word_1_130' title='bbox 1118 1648 1262 1735; x_wconf 88' lang='lat' dir='ltr'><strong>reliquo·</strong></span> <span class='ocrx_word' id='word_1_131' title='bbox 1335 1702 1337 1717; x_wconf 86' lang='grc'><strong>.</strong></span> 
     </span>
     <span class='ocr_line' id='line_1_17' title="bbox 215 1732 1261 1820; baseline -0.001 -23"><span class='ocrx_word' id='word_1_132' title='bbox 215 1753 288 1797; x_wconf 86' lang='lat' dir='ltr'><strong>rutu</strong></span> <span class='ocrx_word' id='word_1_133' title='bbox 316 1732 526 1796; x_wconf 86' lang='lat' dir='ltr'><strong>conciliorum</strong></span> <span class='ocrx_word' id='word_1_134' title='bbox 551 1746 584 1796; x_wconf 90' lang='lat' dir='ltr'><strong>et</strong></span> <span class='ocrx_word' id='word_1_135' title='bbox 607 1747 735 1819; x_wconf 84' lang='lat' dir='ltr'><strong>patrum</strong></span> <span class='ocrx_word' id='word_1_136' title='bbox 754 1734 882 1798; x_wconf 81' lang='lat' dir='ltr'><strong>decreta</strong></span> <span class='ocrx_word' id='word_1_137' title='bbox 904 1748 1057 1820; x_wconf 84' lang='lat' dir='ltr'><strong>pergunt,</strong></span> <span class='ocrx_word' id='word_1_138' title='bbox 1078 1733 1134 1797; x_wconf 88' lang='lat' dir='ltr'><strong>sed</strong></span> <span class='ocrx_word' id='word_1_139' title='bbox 1151 1747 1261 1811; x_wconf 88' lang='lat' dir='ltr'><strong>caute,</strong></span> 
     </span>
     <span class='ocr_line' id='line_1_18' title="bbox 217 1816 1262 1906; baseline -0.001 -24"><span class='ocrx_word' id='word_1_140' title='bbox 217 1818 368 1897; x_wconf 79' lang='lat' dir='ltr'><strong>scribere,</strong></span> <span class='ocrx_word' id='word_1_141' title='bbox 391 1818 430 1881; x_wconf 62' lang='grc' dir='ltr'><strong>ἔτι</strong></span> <span class='ocrx_word' id='word_1_142' title='bbox 450 1820 536 1905; x_wconf 64' lang='lat' dir='ltr'><strong>pipeti,</strong></span> <span class='ocrx_word' id='word_1_143' title='bbox 552 1822 598 1883; x_wconf 75' lang='grc' dir='ltr'><strong>τόν</strong></span> <span class='ocrx_word' id='word_1_144' title='bbox 612 1816 663 1881; x_wconf 81' lang='grc' dir='ltr'><strong>ὑπό</strong></span> <span class='ocrx_word' id='word_1_145' title='bbox 676 1824 821 1906; x_wconf 77' lang='grc' dir='ltr'><em>Κυπριανὲ</em></span> <span class='ocrx_word' id='word_1_146' title='bbox 836 1825 872 1882; x_wconf 72' lang='lat' dir='ltr'><strong>sti</strong></span> <span class='ocrx_word' id='word_1_147' title='bbox 886 1819 1018 1903; x_wconf 73' lang='lat' dir='ltr'><strong>yssopire</strong></span> <span class='ocrx_word' id='word_1_148' title='bbox 1032 1818 1262 1904; x_wconf 71' lang='grc' dir='ltr'><em>Ἀρχνετντκότε</em></span> 
     </span>
     <span class='ocr_line' id='line_1_19' title="bbox 216 1901 1264 1992; baseline -0.002 -23"><span class='ocrx_word' id='word_1_149' title='bbox 216 1910 264 1980; x_wconf 79' lang='grc' dir='ltr'><strong>τῆς</strong></span> <span class='ocrx_word' id='word_1_150' title='bbox 275 1901 386 1990; x_wconf 78' lang='grc' dir='ltr'><em>Ἄρρων</em></span> <span class='ocrx_word' id='word_1_151' title='bbox 398 1904 533 1992; x_wconf 59' lang='grc' dir='ltr'><em>χώραςνῇ</em></span> <span class='ocrx_word' id='word_1_152' title='bbox 549 1903 697 1991; x_wconf 72' lang='grc' dir='ltr'><em>μάρτυρος,</em></span> <span class='ocrx_word' id='word_1_153' title='bbox 717 1906 738 1991; x_wconf 73' lang='lat' dir='ltr'><strong>’i</strong></span> <span class='ocrx_word' id='word_1_154' title='bbox 753 1911 801 1981; x_wconf 74' lang='grc' dir='ltr'><strong>τῆς</strong></span> <span class='ocrx_word' id='word_1_155' title='bbox 816 1907 879 1968; x_wconf 87' lang='grc' dir='ltr'><em>κατ’</em></span> <span class='ocrx_word' id='word_1_156' title='bbox 895 1908 977 1967; x_wconf 78' lang='grc' dir='ltr'><em>αὐτὸν</em></span> <span class='ocrx_word' id='word_1_157' title='bbox 991 1903 1097 1970; x_wconf 59' lang='lat' dir='ltr'><strong>Sotiis</strong></span> <span class='ocrx_word' id='word_1_158' title='bbox 1112 1903 1264 1967; x_wconf 71' lang='grc' dir='ltr'><strong>ἐκτεθέντα</strong></span> 
     </span>
     <span class='ocr_line' id='line_1_20' title="bbox 218 1988 1263 2076; baseline -0.005 -21"><span class='ocrx_word' id='word_1_159' title='bbox 218 1990 331 2070; x_wconf 83' lang='grc' dir='ltr'><em>κανόνα,</em></span> <span class='ocrx_word' id='word_1_160' title='bbox 347 1989 374 2064; x_wconf 77' lang='grc' dir='ltr'><strong>ὃς</strong></span> <span class='ocrx_word' id='word_1_161' title='bbox 390 1995 416 2054; x_wconf 76' lang='grc' dir='ltr'><strong>ἐν</strong></span> <span class='ocrx_word' id='word_1_162' title='bbox 430 1993 486 2066; x_wconf 73' lang='grc' dir='ltr'><strong>τοῖς</strong></span> <span class='ocrx_word' id='word_1_163' title='bbox 499 1998 554 2054; x_wconf 81' lang='grc' dir='ltr'><strong>τῶν</strong></span> <span class='ocrx_word' id='word_1_164' title='bbox 565 1988 767 2075; x_wconf 74' lang='grc' dir='ltr'><em>ωροννρημέναν</em></span> <span class='ocrx_word' id='word_1_165' title='bbox 776 1989 915 2076; x_wconf 72' lang='grc' dir='ltr'><em>προέδρων</em></span> <span class='ocrx_word' id='word_1_166' title='bbox 925 1989 1027 2066; x_wconf 79' lang='grc' dir='ltr'><em>τόποις,</em></span> <span class='ocrx_word' id='word_1_167' title='bbox 1040 1989 1062 2075; x_wconf 76' lang='lat' dir='ltr'><strong>&#39;i</strong></span> <span class='ocrx_word' id='word_1_168' title='bbox 1076 1989 1169 2071; x_wconf 79' lang='grc' dir='ltr'><em>μόνον,</em></span> <span class='ocrx_word' id='word_1_169' title='bbox 1184 1991 1263 2053; x_wconf 72' lang='grc' dir='ltr'><em>κατὰ</em></span> 
     </span>
     <span class='ocr_line' id='line_1_21' title="bbox 218 2072 1264 2164; baseline 0 -25"><span class='ocrx_word' id='word_1_170' title='bbox 218 2079 252 2155; x_wconf 76' lang='grc' dir='ltr'><strong>τὸ</strong></span> <span class='ocrx_word' id='word_1_171' title='bbox 268 2078 423 2164; x_wconf 75' lang='grc' dir='ltr'><em>παραδοθὲν</em></span> <span class='ocrx_word' id='word_1_172' title='bbox 441 2079 532 2149; x_wconf 77' lang='grc' dir='ltr'><em>αὐτοῖς</em></span> <span class='ocrx_word' id='word_1_173' title='bbox 555 2072 615 2150; x_wconf 73' lang='grc' dir='ltr'><strong>ἔθος</strong></span> <span class='ocrx_word' id='word_1_174' title='bbox 636 2075 797 2161; x_wconf 76' lang='grc' dir='ltr'><em>ἐκράτησεν.</em></span> <span class='ocrx_word' id='word_1_175' title='bbox 827 2075 908 2138; x_wconf 84' lang='lat' dir='ltr'><strong>Can.</strong></span> <span class='ocrx_word' id='word_1_176' title='bbox 926 2096 970 2139; x_wconf 85' lang='lat'><strong>11.</strong></span> <span class='ocrx_word' id='word_1_177' title='bbox 986 2074 1162 2139; x_wconf 77' lang='lat' dir='ltr'><strong>Canonidus</strong></span> <span class='ocrx_word' id='word_1_178' title='bbox 1179 2096 1264 2163; x_wconf 88' lang='lat' dir='ltr'><strong>quo·</strong></span> 
     </span>
     <span class='ocr_line' id='line_1_22' title="bbox 220 2158 1264 2251; baseline -0.004 -24"><span class='ocrx_word' id='word_1_179' title='bbox 220 2180 296 2251; x_wconf 88' lang='lat' dir='ltr'><strong>que,</strong></span> <span class='ocrx_word' id='word_1_180' title='bbox 325 2158 380 2249; x_wconf 85' lang='lat' dir='ltr'><strong>qui</strong></span> <span class='ocrx_word' id='word_1_181' title='bbox 407 2160 579 2246; x_wconf 85' lang='lat' dir='ltr'><strong>Apostolici</strong></span> <span class='ocrx_word' id='word_1_182' title='bbox 614 2174 779 2239; x_wconf 87' lang='lat' dir='ltr'><strong>vocantur,</strong></span> <span class='ocrx_word' id='word_1_183' title='bbox 810 2167 851 2224; x_wconf 82' lang='grc'><strong>46</strong></span> <span class='ocrx_word' id='word_1_184' title='bbox 871 2172 905 2224; x_wconf 91' lang='lat' dir='ltr'><strong>et</strong></span> <span class='ocrx_word' id='word_1_185' title='bbox 924 2172 975 2240; x_wconf 80' lang='lat'><strong>47,</strong></span> <span class='ocrx_word' id='word_1_186' title='bbox 1005 2161 1175 2225; x_wconf 83' lang='lat' dir='ltr'><strong>haereticos</strong></span> <span class='ocrx_word' id='word_1_187' title='bbox 1204 2159 1264 2224; x_wconf 88' lang='lat' dir='ltr'><strong>dc·</strong></span> 
     </span>
     <span class='ocr_line' id='line_1_23' title="bbox 218 2245 1265 2335; baseline -0.003 -22"><span class='ocrx_word' id='word_1_188' title='bbox 218 2272 286 2313; x_wconf 91' lang='lat' dir='ltr'><strong>nuo</strong></span> <span class='ocrx_word' id='word_1_189' title='bbox 310 2247 521 2335; x_wconf 87' lang='lat' dir='ltr'><strong>baptizandos</strong></span> <span class='ocrx_word' id='word_1_190' title='bbox 546 2267 616 2309; x_wconf 92' lang='lat' dir='ltr'><strong>esse</strong></span> <span class='ocrx_word' id='word_1_191' title='bbox 634 2245 764 2332; x_wconf 85' lang='lat' dir='ltr'><strong>jussum</strong></span> <span class='ocrx_word' id='word_1_192' title='bbox 788 2258 848 2309; x_wconf 89' lang='lat' dir='ltr'><strong>est.</strong></span> <span class='ocrx_word' id='word_1_193' title='bbox 894 2247 958 2309; x_wconf 90' lang='lat' dir='ltr'><strong>Sed</strong></span> <span class='ocrx_word' id='word_1_194' title='bbox 981 2268 1089 2311; x_wconf 89' lang='lat' dir='ltr'><strong>rursus</strong></span> <span class='ocrx_word' id='word_1_195' title='bbox 1114 2245 1265 2332; x_wconf 84' lang='lat' dir='ltr'><strong>tingendi</strong></span> 
     </span>
     <span class='ocr_line' id='line_1_24' title="bbox 218 2329 1273 2419; baseline -0.002 -20"><span class='ocrx_word' id='word_1_196' title='bbox 218 2335 292 2400; x_wconf 87' lang='lat' dir='ltr'><strong>illos</strong></span> <span class='ocrx_word' id='word_1_197' title='bbox 317 2334 448 2419; x_wconf 88' lang='lat' dir='ltr'><strong>quidem</strong></span> <span class='ocrx_word' id='word_1_198' title='bbox 476 2331 645 2395; x_wconf 84' lang='lat' dir='ltr'><strong>haereticos</strong></span> <span class='ocrx_word' id='word_1_199' title='bbox 670 2329 849 2416; x_wconf 87' lang='lat' dir='ltr'><strong>disciplina,</strong></span> <span class='ocrx_word' id='word_1_200' title='bbox 873 2332 984 2417; x_wconf 90' lang='lat' dir='ltr'><strong>quiin</strong></span> <span class='ocrx_word' id='word_1_201' title='bbox 1009 2332 1140 2397; x_wconf 90' lang='lat' dir='ltr'><strong>nomine</strong></span> <span class='ocrx_word' id='word_1_202' title='bbox 1166 2354 1273 2397; x_wconf 72' lang='lat' dir='ltr'><strong>sacrat·</strong></span> 
     </span>
     <span class='ocr_line' id='line_1_25' title="bbox 220 2416 1266 2505; baseline -0.003 -19"><span class='ocrx_word' id='word_1_203' title='bbox 220 2418 346 2487; x_wconf 85' lang='lat' dir='ltr'><strong>Triadis</strong></span> <span class='ocrx_word' id='word_1_204' title='bbox 366 2416 521 2505; x_wconf 86' lang='lat' dir='ltr'><strong>baptizati</strong></span> <span class='ocrx_word' id='word_1_205' title='bbox 547 2431 666 2494; x_wconf 89' lang='lat' dir='ltr'><strong>essent,</strong></span> <span class='ocrx_word' id='word_1_206' title='bbox 692 2438 796 2502; x_wconf 85' lang='lat' dir='ltr'><strong>neque</strong></span> <span class='ocrx_word' id='word_1_207' title='bbox 815 2429 889 2480; x_wconf 90' lang='lat' dir='ltr'><strong>ante</strong></span> <span class='ocrx_word' id='word_1_208' title='bbox 914 2439 1018 2504; x_wconf 90' lang='lat' dir='ltr'><strong>neque</strong></span> <span class='ocrx_word' id='word_1_209' title='bbox 1038 2429 1113 2502; x_wconf 88' lang='lat' dir='ltr'><strong>post</strong></span> <span class='ocrx_word' id='word_1_210' title='bbox 1134 2430 1266 2504; x_wconf 83' lang='lat' dir='ltr'><strong>tempus</strong></span> 
     </span>
     <span class='ocr_line' id='line_1_26' title="bbox 221 2501 1266 2589; baseline -0.004 -17"><span class='ocrx_word' id='word_1_211' title='bbox 221 2505 433 2572; x_wconf 88' lang='lat' dir='ltr'><strong>conciliorum</strong></span> <span class='ocrx_word' id='word_1_212' title='bbox 449 2503 566 2578; x_wconf 90' lang='lat' dir='ltr'><strong>horum</strong></span> <span class='ocrx_word' id='word_1_213' title='bbox 582 2501 809 2566; x_wconf 84' lang='lat' dir='ltr'><strong>Africanorum</strong></span> <span class='ocrx_word' id='word_1_214' title='bbox 825 2502 941 2589; x_wconf 88' lang='lat' dir='ltr'><strong>majori</strong></span> <span class='ocrx_word' id='word_1_215' title='bbox 957 2503 1039 2589; x_wconf 87' lang='lat' dir='ltr'><strong>parti</strong></span> <span class='ocrx_word' id='word_1_216' title='bbox 1054 2503 1266 2568; x_wconf 87' lang='lat' dir='ltr'><strong>ecclesiarum</strong></span> 
     </span>
     <span class='ocr_line' id='line_1_27' title="bbox 221 2588 1266 2679; baseline -0.002 -23"><span class='ocrx_word' id='word_1_217' title='bbox 221 2591 355 2679; x_wconf 90' lang='lat' dir='ltr'><strong>placuit.</strong></span> <span class='ocrx_word' id='word_1_218' title='bbox 398 2589 510 2664; x_wconf 78' lang='lat' dir='ltr'><strong>Testes</strong></span> <span class='ocrx_word' id='word_1_219' title='bbox 525 2600 602 2670; x_wconf 85' lang='lat' dir='ltr'><strong>sunt</strong></span> <span class='ocrx_word' id='word_1_220' title='bbox 624 2599 808 2672; x_wconf 88' lang='lat' dir='ltr'><strong>temporum</strong></span> <span class='ocrx_word' id='word_1_221' title='bbox 823 2590 920 2674; x_wconf 90' lang='lat' dir='ltr'><strong>paulo</strong></span> <span class='ocrx_word' id='word_1_222' title='bbox 936 2588 985 2652; x_wconf 91' lang='lat' dir='ltr'><strong>his</strong></span> <span class='ocrx_word' id='word_1_223' title='bbox 996 2588 1142 2653; x_wconf 91' lang='lat' dir='ltr'><strong>conciliis</strong></span> <span class='ocrx_word' id='word_1_224' title='bbox 1158 2602 1266 2654; x_wconf 84' lang='lat' dir='ltr'><strong>vetus-</strong></span> 
     </span>
     <span class='ocr_line' id='line_1_28' title="bbox 222 2672 1268 2763; baseline -0.004 -21"><span class='ocrx_word' id='word_1_225' title='bbox 222 2679 341 2742; x_wconf 88' lang='lat' dir='ltr'><strong>tiorum</strong></span> <span class='ocrx_word' id='word_1_226' title='bbox 366 2675 433 2761; x_wconf 89' lang='lat' dir='ltr'><strong>ipse</strong></span> <span class='ocrx_word' id='word_1_227' title='bbox 449 2696 578 2759; x_wconf 86' lang='lat' dir='ltr'><strong>quoque</strong></span> <span class='ocrx_word' id='word_1_228' title='bbox 596 2672 779 2763; x_wconf 83' lang='lat' dir='ltr'><strong>Cyprianus</strong></span> <span class='ocrx_word' id='word_1_229' title='bbox 795 2686 828 2736; x_wconf 91' lang='lat' dir='ltr'><strong>et</strong></span> <span class='ocrx_word' id='word_1_230' title='bbox 842 2674 1022 2760; x_wconf 82' lang='lat' dir='ltr'><strong>coepiscopi</strong></span> <span class='ocrx_word' id='word_1_231' title='bbox 1039 2673 1124 2762; x_wconf 82' lang='lat' dir='ltr'><strong>ejus,</strong></span> <span class='ocrx_word' id='word_1_232' title='bbox 1143 2674 1201 2761; x_wconf 90' lang='lat' dir='ltr'><strong>qui</strong></span> <span class='ocrx_word' id='word_1_233' title='bbox 1216 2685 1268 2739; x_wconf 91' lang='lat' dir='ltr'><strong>tot</strong></span> 
     </span>
     <span class='ocr_line' id='line_1_29' title="bbox 221 2759 1265 2845; baseline -0.006 -16"><span class='ocrx_word' id='word_1_234' title='bbox 221 2764 303 2829; x_wconf 79' lang='lat' dir='ltr'><strong>l‘ocis</strong></span> <span class='ocrx_word' id='word_1_235' title='bbox 325 2759 550 2826; x_wconf 88' lang='lat' dir='ltr'><strong>consuetudini</strong></span> <span class='ocrx_word' id='word_1_236' title='bbox 571 2780 604 2821; x_wconf 90' lang='lat' dir='ltr'><strong>se</strong></span> <span class='ocrx_word' id='word_1_237' title='bbox 626 2759 782 2823; x_wconf 87' lang='lat' dir='ltr'><strong>adversari</strong></span> <span class='ocrx_word' id='word_1_238' title='bbox 803 2760 953 2823; x_wconf 80' lang='lat' dir='ltr'><strong>fatemur.</strong></span> <span class='ocrx_word' id='word_1_239' title='bbox 998 2759 1057 2822; x_wconf 86' lang='lat' dir='ltr'><strong>Ait</strong></span> <span class='ocrx_word' id='word_1_240' title='bbox 1076 2761 1145 2845; x_wconf 89' lang='lat' dir='ltr'><strong>ipse</strong></span> <span class='ocrx_word' id='word_1_241' title='bbox 1167 2759 1265 2824; x_wconf 88' lang='lat' dir='ltr'><strong>etiam</strong></span> 
     </span>
     <span class='ocr_line' id='line_1_30' title="bbox 226 2843 1269 2933; baseline -0.002 -20"><span class='ocrx_word' id='word_1_242' title='bbox 226 2848 427 2914; x_wconf 89' lang='lat' dir='ltr'><strong>Firmilianus</strong></span> <span class='ocrx_word' id='word_1_243' title='bbox 438 2845 470 2909; x_wconf 92' lang='lat' dir='ltr'><strong>in</strong></span> <span class='ocrx_word' id='word_1_244' title='bbox 481 2843 627 2929; x_wconf 78' lang='lat' dir='ltr'><strong>Epistola</strong></span> <span class='ocrx_word' id='word_1_245' title='bbox 638 2843 879 2930; x_wconf 77' lang='lat' dir='ltr'><strong>adeprionum</strong></span> <span class='ocrx_word' id='word_1_246' title='bbox 891 2867 985 2909; x_wconf 89' lang='lat' dir='ltr'><strong>suum</strong></span> <span class='ocrx_word' id='word_1_247' title='bbox 995 2846 1133 2930; x_wconf 81' lang='lat' dir='ltr'><strong>3-quod</strong></span> <span class='ocrx_word' id='word_1_248' title='bbox 1142 2844 1269 2933; x_wconf 80' lang='lat' dir='ltr'><strong>quidem</strong></span> 
     </span>
     <span class='ocr_line' id='line_1_31' title="bbox 226 2929 1267 3017; baseline -0.005 -17"><span class='ocrx_word' id='word_1_249' title='bbox 226 2935 371 3000; x_wconf 81' lang='lat' dir='ltr'><strong>aduersus</strong></span> <span class='ocrx_word' id='word_1_250' title='bbox 394 2931 585 3016; x_wconf 71' lang='lat' dir='ltr'><strong>Stephanum</strong></span> <span class='ocrx_word' id='word_1_251' title='bbox 608 2952 660 3000; x_wconf 85' lang='lat' dir='ltr'><strong>uos</strong></span> <span class='ocrx_word' id='word_1_252' title='bbox 681 2929 781 2994; x_wconf 85' lang='lat' dir='ltr'><strong>dicere</strong></span> <span class='ocrx_word' id='word_1_253' title='bbox 795 2929 873 3016; x_wconf 81' lang='lat' dir='ltr'><strong>Afri</strong></span> <span class='ocrx_word' id='word_1_254' title='bbox 885 2930 1025 3014; x_wconf 84' lang='lat' dir='ltr'><strong>potestis,</strong></span> <span class='ocrx_word' id='word_1_255' title='bbox 1040 2930 1166 3017; x_wconf 85' lang='lat' dir='ltr'><strong>cognita</strong></span> <span class='ocrx_word' id='word_1_256' title='bbox 1185 2930 1267 2994; x_wconf 79' lang='lat' dir='ltr'><strong>veri·</strong></span> 
     </span>
     <span class='ocr_line' id='line_1_32' title="bbox 228 3014 1269 3102; baseline -0.005 -16"><span class='ocrx_word' id='word_1_257' title='bbox 228 3031 295 3087; x_wconf 86' lang='lat' dir='ltr'><strong>tate</strong></span> <span class='ocrx_word' id='word_1_258' title='bbox 321 3040 451 3083; x_wconf 77' lang='lat' dir='ltr'><strong>errorem</strong></span> <span class='ocrx_word' id='word_1_259' title='bbox 481 3038 530 3081; x_wconf 83' lang='lat' dir='ltr'><strong>vos</strong></span> <span class='ocrx_word' id='word_1_260' title='bbox 559 3014 784 3078; x_wconf 84' lang='lat' dir='ltr'><strong>consuetudinis</strong></span> <span class='ocrx_word' id='word_1_261' title='bbox 809 3015 981 3102; x_wconf 75' lang='lat' dir='ltr'><strong>reliquisse.</strong></span> <span class='ocrx_word' id='word_1_262' title='bbox 1015 3037 1047 3100; x_wconf 88' lang='lat' dir='ltr'><strong>p.</strong></span> <span class='ocrx_word' id='word_1_263' title='bbox 1068 3030 1134 3094; x_wconf 71' lang='lat'><strong>149.</strong></span> <span class='ocrx_word' id='word_1_264' title='bbox 1191 3017 1269 3081; x_wconf 87' lang='lat' dir='ltr'><strong>Hoc</strong></span> 
     </span>
     <span class='ocr_line' id='line_1_33' title="bbox 225 3099 1270 3195; baseline -0.003 -24"><span class='ocrx_word' id='word_1_265' title='bbox 225 3106 345 3195; x_wconf 89' lang='lat' dir='ltr'><strong>praesul</strong></span> <span class='ocrx_word' id='word_1_266' title='bbox 361 3104 517 3168; x_wconf 78' lang='lat' dir='ltr'><strong>Caesareae</strong></span> <span class='ocrx_word' id='word_1_267' title='bbox 535 3099 788 3187; x_wconf 76' lang='lat' dir='ltr'><strong>Cappadocum3</strong></span> <span class='ocrx_word' id='word_1_268' title='bbox 809 3101 989 3187; x_wconf 82' lang='lat' dir='ltr'><strong>quistatim</strong></span> <span class='ocrx_word' id='word_1_269' title='bbox 1008 3115 1082 3186; x_wconf 93' lang='lat' dir='ltr'><strong>post</strong></span> <span class='ocrx_word' id='word_1_270' title='bbox 1096 3101 1270 3187; x_wconf 85' lang='lat' dir='ltr'><strong>gloriatur,</strong></span> 
     </span>
     <span class='ocr_line' id='line_1_34' title="bbox 228 3185 1270 3278; baseline -0.007 -19"><span class='ocrx_word' id='word_1_271' title='bbox 228 3217 263 3259; x_wconf 88' lang='lat' dir='ltr'><strong>se</strong></span> <span class='ocrx_word' id='word_1_272' title='bbox 279 3213 418 3278; x_wconf 86' lang='lat' dir='ltr'><strong>suosque</strong></span> <span class='ocrx_word' id='word_1_273' title='bbox 433 3188 595 3252; x_wconf 85' lang='lat' dir='ltr'><strong>Asiaticos</strong></span> <span class='ocrx_word' id='word_1_274' title='bbox 615 3185 744 3249; x_wconf 82' lang='lat' dir='ltr'><strong>ueritati</strong></span> <span class='ocrx_word' id='word_1_275' title='bbox 764 3197 795 3250; x_wconf 86' lang='lat' dir='ltr'><strong>et</strong></span> <span class='ocrx_word' id='word_1_276' title='bbox 811 3186 1057 3265; x_wconf 79' lang='lat' dir='ltr'><strong>consuetudinem</strong></span> <span class='ocrx_word' id='word_1_277' title='bbox 1068 3188 1221 3275; x_wconf 82' lang='lat' dir='ltr'><strong>jungere,</strong></span> <span class='ocrx_word' id='word_1_278' title='bbox 1240 3198 1270 3252; x_wconf 82' lang='lat' dir='ltr'><strong>et</strong></span> 
     </span>
     <span class='ocr_line' id='line_1_35' title="bbox 229 3271 1270 3358; baseline -0.008 -13"><span class='ocrx_word' id='word_1_279' title='bbox 229 3274 440 3344; x_wconf 84' lang='lat' dir='ltr'><strong>consuetudini</strong></span> <span class='ocrx_word' id='word_1_280' title='bbox 454 3273 661 3338; x_wconf 77' lang='lat' dir='ltr'><strong>Romanunm</strong></span> <span class='ocrx_word' id='word_1_281' title='bbox 684 3272 943 3350; x_wconf 82' lang='lat' dir='ltr'><strong>consuetudinem,</strong></span> <span class='ocrx_word' id='word_1_282' title='bbox 965 3271 1019 3335; x_wconf 86' lang='lat' dir='ltr'><strong>sed</strong></span> <span class='ocrx_word' id='word_1_283' title='bbox 1039 3272 1194 3352; x_wconf 80' lang='lat' dir='ltr'><strong>veritatis,</strong></span> <span class='ocrx_word' id='word_1_284' title='bbox 1218 3288 1270 3358; x_wconf 77' lang='lat' dir='ltr'><strong>op·</strong></span> 
     </span>
     <span class='ocr_line' id='line_1_36' title="bbox 226 3357 1271 3452; baseline -0.006 -23"><span class='ocrx_word' id='word_1_285' title='bbox 226 3383 340 3452; x_wconf 86' lang='lat' dir='ltr'><strong>ponere</strong></span> <span class='ocrx_word' id='word_1_286' title='bbox 350 3390 363 3443; x_wconf 95' lang='lat'><strong>,·</strong></span> <span class='ocrx_word' id='word_1_287' title='bbox 389 3361 427 3425; x_wconf 81' lang='lat' dir='ltr'><strong>ub</strong></span> <span class='ocrx_word' id='word_1_288' title='bbox 451 3360 539 3423; x_wconf 87' lang='lat' dir='ltr'><strong>initio</strong></span> <span class='ocrx_word' id='word_1_289' title='bbox 567 3358 691 3444; x_wconf 81' lang='lat' dir='ltr'><strong>quidem</strong></span> <span class='ocrx_word' id='word_1_290' title='bbox 713 3357 769 3421; x_wconf 79' lang='lat' dir='ltr'><strong>leuc</strong></span> <span class='ocrx_word' id='word_1_291' title='bbox 790 3367 926 3421; x_wconf 88' lang='lat' dir='ltr'><strong>tenentes</strong></span> <span class='ocrx_word' id='word_1_292' title='bbox 947 3358 1031 3442; x_wconf 79' lang='lat' dir='ltr'><strong>quod</strong></span> <span class='ocrx_word' id='word_1_293' title='bbox 1048 3380 1071 3442; x_wconf 16' lang='lat' dir='ltr'><strong>‘u</strong></span> <span class='ocrx_word' id='word_1_294' title='bbox 1093 3357 1218 3423; x_wconf 74' lang='lat' dir='ltr'><strong>Christo</strong></span> <span class='ocrx_word' id='word_1_295' title='bbox 1240 3368 1271 3423; x_wconf 84' lang='lat' dir='ltr'><strong>et</strong></span> 
     </span>
     <span class='ocr_line' id='line_1_37' title="bbox 230 3443 1271 3534; baseline -0.008 -18"><span class='ocrx_word' id='word_1_296' title='bbox 230 3452 269 3516; x_wconf 83' lang='lat' dir='ltr'><strong>ui</strong></span> <span class='ocrx_word' id='word_1_297' title='bbox 286 3448 432 3534; x_wconf 85' lang='lat' dir='ltr'><strong>apostolis</strong></span> <span class='ocrx_word' id='word_1_298' title='bbox 448 3445 599 3508; x_wconf 82' lang='lat' dir='ltr'><strong>traditum</strong></span> <span class='ocrx_word' id='word_1_299' title='bbox 612 3453 669 3507; x_wconf 85' lang='lat' dir='ltr'><strong>est.</strong></span> <span class='ocrx_word' id='word_1_300' title='bbox 714 3443 777 3506; x_wconf 87' lang='lat' dir='ltr'><strong>Sed</strong></span> <span class='ocrx_word' id='word_1_301' title='bbox 798 3459 905 3506; x_wconf 88' lang='lat' dir='ltr'><strong>tamen</strong></span> <span class='ocrx_word' id='word_1_302' title='bbox 921 3443 1093 3527; x_wconf 86' lang='lat' dir='ltr'><strong>Harduino</strong></span> <span class='ocrx_word' id='word_1_303' title='bbox 1113 3443 1206 3509; x_wconf 86' lang='lat' dir='ltr'><strong>haud</strong></span> <span class='ocrx_word' id='word_1_304' title='bbox 1222 3466 1271 3511; x_wconf 87' lang='lat' dir='ltr'><strong>aa·</strong></span> 
     </span>
     <span class='ocr_line' id='line_1_38' title="bbox 228 3528 1270 3616; baseline -0.008 -14"><span class='ocrx_word' id='word_1_305' title='bbox 228 3534 434 3602; x_wconf 88' lang='lat' dir='ltr'><strong>sentiendum</strong></span> <span class='ocrx_word' id='word_1_306' title='bbox 456 3531 592 3607; x_wconf 87' lang='lat' dir='ltr'><strong>videtur,</strong></span> <span class='ocrx_word' id='word_1_307' title='bbox 613 3529 668 3614; x_wconf 91' lang='lat' dir='ltr'><strong>qui</strong></span> <span class='ocrx_word' id='word_1_308' title='bbox 691 3529 725 3591; x_wconf 84' lang='lat' dir='ltr'><strong>S.</strong></span> <span class='ocrx_word' id='word_1_309' title='bbox 739 3528 933 3614; x_wconf 83' lang='lat' dir='ltr'><strong>Hieronymi</strong></span> <span class='ocrx_word' id='word_1_310' title='bbox 954 3528 1148 3616; x_wconf 75' lang='lat' dir='ltr'><strong>auctoritate¹</strong></span> <span class='ocrx_word' id='word_1_311' title='bbox 1170 3530 1270 3596; x_wconf 71' lang='lat' dir='ltr'><strong>frctus</strong></span> 
     </span>
     <span class='ocr_line' id='line_1_39' title="bbox 230 3613 1270 3701; baseline -0.006 -14"><span class='ocrx_word' id='word_1_312' title='bbox 230 3620 404 3687; x_wconf 88' lang='lat' dir='ltr'><strong>concilium</strong></span> <span class='ocrx_word' id='word_1_313' title='bbox 426 3616 460 3679; x_wconf 91' lang='lat' dir='ltr'><strong>in</strong></span> <span class='ocrx_word' id='word_1_314' title='bbox 478 3615 589 3679; x_wconf 72' lang='lat' dir='ltr'><strong>Africa</strong></span> <span class='ocrx_word' id='word_1_315' title='bbox 606 3613 656 3676; x_wconf 88' lang='lat' dir='ltr'><strong>his</strong></span> <span class='ocrx_word' id='word_1_316' title='bbox 677 3613 879 3701; x_wconf 89' lang='lat' dir='ltr'><strong>Cypriauicis</strong></span> <span class='ocrx_word' id='word_1_317' title='bbox 895 3615 927 3677; x_wconf 92' lang='lat' dir='ltr'><strong>in</strong></span> <span class='ocrx_word' id='word_1_318' title='bbox 942 3614 1048 3679; x_wconf 90' lang='lat' dir='ltr'><strong>indice</strong></span> <span class='ocrx_word' id='word_1_319' title='bbox 1067 3615 1131 3679; x_wconf 83' lang='lat' dir='ltr'><strong>sno</strong></span> <span class='ocrx_word' id='word_1_320' title='bbox 1146 3615 1270 3693; x_wconf 43' lang='lat' dir='ltr'><strong>Conci,-</strong></span> 
     </span>
     <span class='ocr_line' id='line_1_40' title="bbox 230 3698 1270 3787; baseline -0.007 -14"><span class='ocrx_word' id='word_1_321' title='bbox 230 3709 348 3774; x_wconf 87' lang='lat' dir='ltr'><strong>liorum</strong></span> <span class='ocrx_word' id='word_1_322' title='bbox 367 3700 596 3787; x_wconf 87' lang='lat' dir='ltr'><strong>superinduxit,</strong></span> <span class='ocrx_word' id='word_1_323' title='bbox 613 3700 643 3762; x_wconf 90' lang='lat' dir='ltr'><strong>in</strong></span> <span class='ocrx_word' id='word_1_324' title='bbox 660 3721 725 3784; x_wconf 92' lang='lat' dir='ltr'><strong>quo</strong></span> <span class='ocrx_word' id='word_1_325' title='bbox 741 3698 791 3761; x_wconf 84' lang='lat' dir='ltr'><strong>iiii</strong></span> <span class='ocrx_word' id='word_1_326' title='bbox 805 3699 865 3783; x_wconf 89' lang='lat' dir='ltr'><strong>ipsi</strong></span> <span class='ocrx_word' id='word_1_327' title='bbox 876 3699 1007 3784; x_wconf 82' lang='lat' dir='ltr'><strong>episcopi</strong></span> <span class='ocrx_word' id='word_1_328' title='bbox 1025 3701 1135 3783; x_wconf 86' lang='lat' dir='ltr'><strong>(verba</strong></span> <span class='ocrx_word' id='word_1_329' title='bbox 1148 3702 1270 3772; x_wconf 80' lang='lat' dir='ltr'><strong>Hiero·</strong></span> 
     </span>
     <span class='ocr_line' id='line_1_41' title="bbox 233 3783 1272 3880; baseline -0.009 -23"><span class='ocrx_word' id='word_1_330' title='bbox 233 3792 324 3880; x_wconf 89' lang='lat' dir='ltr'><strong>oymi</strong></span> <span class='ocrx_word' id='word_1_331' title='bbox 346 3801 421 3852; x_wconf 91' lang='lat' dir='ltr'><strong>sunt</strong></span> <span class='ocrx_word' id='word_1_332' title='bbox 443 3787 587 3850; x_wconf 85' lang='lat' dir='ltr'><strong>aduersus</strong></span> <span class='ocrx_word' id='word_1_333' title='bbox 601 3783 817 3871; x_wconf 85' lang='lat' dir='ltr'><strong>Luciferiunos</strong></span> <span class='ocrx_word' id='word_1_334' title='bbox 839 3805 870 3869; x_wconf 93' lang='lat' dir='ltr'><strong>p.</strong></span> <span class='ocrx_word' id='word_1_335' title='bbox 885 3797 952 3860; x_wconf 86' lang='lat'><strong>117.</strong></span> <span class='ocrx_word' id='word_1_336' title='bbox 972 3785 1024 3849; x_wconf 90' lang='lat' dir='ltr'><strong>ed.</strong></span> <span class='ocrx_word' id='word_1_337' title='bbox 1043 3786 1196 3867; x_wconf 83' lang='lat' dir='ltr'><strong>Froben.)</strong></span> <span class='ocrx_word' id='word_1_338' title='bbox 1218 3784 1272 3875; x_wconf 80' lang='lat' dir='ltr'><strong>qui</strong></span> 
     </span>
     <span class='ocr_line' id='line_1_42' title="bbox 232 3870 1273 3961; baseline -0.006 -18"><span class='ocrx_word' id='word_1_339' title='bbox 232 3873 470 3961; x_wconf 80' lang='lat' dir='ltr'><strong>rebaptizandos</strong></span> <span class='ocrx_word' id='word_1_340' title='bbox 490 3871 649 3935; x_wconf 79' lang='lat' dir='ltr'><strong>icereticos</strong></span> <span class='ocrx_word' id='word_1_341' title='bbox 669 3892 738 3933; x_wconf 82' lang='lat' dir='ltr'><strong>cum</strong></span> <span class='ocrx_word' id='word_1_342' title='bbox 760 3894 792 3933; x_wconf 90' lang='lat' dir='ltr'><strong>eo</strong></span> <span class='ocrx_word' id='word_1_343' title='bbox 815 3872 1007 3956; x_wconf 84' lang='lat' dir='ltr'><strong>(Cypriano)</strong></span> <span class='ocrx_word' id='word_1_344' title='bbox 1025 3881 1216 3952; x_wconf 80' lang='lat' dir='ltr'><strong>statuerunt,</strong></span> <span class='ocrx_word' id='word_1_345' title='bbox 1231 3870 1273 3937; x_wconf 83' lang='lat' dir='ltr'><strong>ad</strong></span> 
     </span>
     <span class='ocr_line' id='line_1_43' title="bbox 233 3954 1271 4049; baseline -0.008 -20"><span class='ocrx_word' id='word_1_346' title='bbox 233 3962 398 4049; x_wconf 79' lang='lat' dir='ltr'><strong>antiquum</strong></span> <span class='ocrx_word' id='word_1_347' title='bbox 420 3956 664 4022; x_wconf 83' lang='lat' dir='ltr'><strong>consuetudinem</strong></span> <span class='ocrx_word' id='word_1_348' title='bbox 686 3954 817 4018; x_wconf 83' lang='lat' dir='ltr'><strong>revoluti</strong></span> <span class='ocrx_word' id='word_1_349' title='bbox 837 3978 949 4018; x_wconf 82' lang='lat' dir='ltr'><strong>nonum</strong></span> <span class='ocrx_word' id='word_1_350' title='bbox 965 3956 1089 4019; x_wconf 86' lang='lat' dir='ltr'><strong>emisere</strong></span> <span class='ocrx_word' id='word_1_351' title='bbox 1104 3955 1271 4021; x_wconf 64' lang='lat' dir='ltr'><strong>dandum.</strong></span> 
     </span>
     <span class='ocr_line' id='line_1_44' title="bbox 233 4040 1273 4129; baseline -0.006 -14"><span class='ocrx_word' id='word_1_352' title='bbox 233 4054 333 4126; x_wconf 87' lang='lat' dir='ltr'><strong>Nam,</strong></span> <span class='ocrx_word' id='word_1_353' title='bbox 345 4058 379 4110; x_wconf 86' lang='lat' dir='ltr'><strong>ct</strong></span> <span class='ocrx_word' id='word_1_354' title='bbox 393 4056 479 4107; x_wconf 87' lang='lat' dir='ltr'><strong>recte</strong></span> <span class='ocrx_word' id='word_1_355' title='bbox 493 4055 688 4107; x_wconf 88' lang='lat' dir='ltr'><strong>monuerunt</strong></span> <span class='ocrx_word' id='word_1_356' title='bbox 703 4055 815 4105; x_wconf 87' lang='lat' dir='ltr'><strong>contra</strong></span> <span class='ocrx_word' id='word_1_357' title='bbox 830 4043 1069 4129; x_wconf 90' lang='lat' dir='ltr'><strong>Hieronymum</strong></span> <span class='ocrx_word' id='word_1_358' title='bbox 1085 4062 1160 4105; x_wconf 90' lang='lat' dir='ltr'><strong>cum</strong></span> <span class='ocrx_word' id='word_1_359' title='bbox 1178 4040 1273 4109; x_wconf 83' lang='lat' dir='ltr'><strong>multi</strong></span> 
     </span>
     <span class='ocr_line' id='line_1_45' title="bbox 231 4125 1275 4214; baseline -0.008 -15"><span class='ocrx_word' id='word_1_360' title='bbox 231 4137 286 4203; x_wconf 87' lang='lat' dir='ltr'><strong>alii</strong></span> <span class='ocrx_word' id='word_1_361' title='bbox 310 4147 379 4196; x_wconf 90' lang='lat' dir='ltr'><strong>tum</strong></span> <span class='ocrx_word' id='word_1_362' title='bbox 401 4129 581 4214; x_wconf 85' lang='lat' dir='ltr'><strong>Basnagius</strong></span> <span class='ocrx_word' id='word_1_363' title='bbox 604 4125 725 4190; x_wconf 78' lang='lat' dir='ltr'><strong>Annei.</strong></span> <span class='ocrx_word' id='word_1_364' title='bbox 748 4127 809 4189; x_wconf 89' lang='lat' dir='ltr'><strong>vol.</strong></span> <span class='ocrx_word' id='word_1_365' title='bbox 825 4127 859 4190; x_wconf 94' lang='lat' dir='ltr'><strong>ii.</strong></span> <span class='ocrx_word' id='word_1_366' title='bbox 882 4148 913 4212; x_wconf 90' lang='lat' dir='ltr'><strong>p.</strong></span> <span class='ocrx_word' id='word_1_367' title='bbox 927 4134 997 4191; x_wconf 83' lang='lat'><strong>386.</strong></span> <span class='ocrx_word' id='word_1_368' title='bbox 1020 4128 1061 4190; x_wconf 88' lang='lat' dir='ltr'><strong>ad</strong></span> <span class='ocrx_word' id='word_1_369' title='bbox 1083 4127 1275 4202; x_wconf 71' lang='lat' dir='ltr'><strong>Arelatensis</strong></span> 
     </span>
     <span class='ocr_line' id='line_1_46' title="bbox 230 4212 1276 4302; baseline -0.006 -16"><span class='ocrx_word' id='word_1_370' title='bbox 230 4219 418 4302; x_wconf 71' lang='lat' dir='ltr'><strong>Concilium</strong></span> <span class='ocrx_word' id='word_1_371' title='bbox 439 4236 555 4302; x_wconf 84' lang='lat' dir='ltr'><strong>usqne,</strong></span> <span class='ocrx_word' id='word_1_372' title='bbox 572 4226 726 4301; x_wconf 85' lang='lat' dir='ltr'><strong>regnante</strong></span> <span class='ocrx_word' id='word_1_373' title='bbox 747 4212 964 4279; x_wconf 80' lang='lat' dir='ltr'><strong>Constantino</strong></span> <span class='ocrx_word' id='word_1_374' title='bbox 984 4217 1036 4283; x_wconf 87' lang='lat' dir='ltr'><strong>M.</strong></span> <span class='ocrx_word' id='word_1_375' title='bbox 1052 4212 1212 4280; x_wconf 79' lang='lat' dir='ltr'><strong>Afrorum</strong></span> <span class='ocrx_word' id='word_1_376' title='bbox 1229 4213 1276 4279; x_wconf 80' lang='lat' dir='ltr'><strong>vi·</strong></span> 
     </span>
    </p>
   </div>
   <div class='ocr_carea' id='block_1_3' title="bbox 0 0 1358 4756">
    <p class='ocr_par' dir='ltr' id='par_1_5' title="bbox 0 0 1358 4756">
     <span class='ocr_line' id='line_1_47' title="bbox 0 0 1358 4756; baseline 0 0"><span class='ocrx_word' id='word_1_377' title='bbox 0 0 1358 4756; x_wconf 95' lang='lat' dir='ltr'><strong> </strong></span> 
     </span>
    </p>
   </div>
  </div>
 </body>
</html>
