<?xml version="1.0" encoding="UTF-8"?>
<!DOCTYPE html PUBLIC "-//W3C//DTD XHTML 1.0 Transitional//EN"
    "http://www.w3.org/TR/xhtml1/DTD/xhtml1-transitional.dtd">
<html xmlns="http://www.w3.org/1999/xhtml" xml:lang="en" lang="en">
 <head>
  <title>
</title>
<meta http-equiv="Content-Type" content="text/html;charset=utf-8" />
  <meta name='ocr-system' content='tesseract 3.04.00' />
  <meta name='ocr-capabilities' content='ocr_page ocr_carea ocr_par ocr_line ocrx_word'/>
</head>
<body>
  <div class='ocr_page' id='page_1' title='image "./reliquiaesacrae11routgoog_0450.png"; bbox 0 0 2678 4756; ppageno 0'>
   <div class='ocr_carea' id='block_1_1' title="bbox 278 104 1190 195">
    <p class='ocr_par' dir='ltr' id='par_1_1' title="bbox 278 104 1190 195">
     <span class='ocr_line' id='line_1_1' title="bbox 278 104 1190 195; baseline -0.007 -18"><span class='ocrx_word' id='word_1_1' title='bbox 278 112 331 181; x_wconf 90' lang='lat' dir='ltr'><strong>IN</strong></span> <span class='ocrx_word' id='word_1_2' title='bbox 352 108 596 177; x_wconf 85' lang='lat' dir='ltr'>ANCYRANI</span> <span class='ocrx_word' id='word_1_3' title='bbox 620 108 830 177; x_wconf 83' lang='lat' dir='ltr'>CONCILII</span> <span class='ocrx_word' id='word_1_4' title='bbox 854 104 1080 175; x_wconf 82' lang='lat' dir='ltr'><strong>CANONES.</strong></span> <span class='ocrx_word' id='word_1_5' title='bbox 1127 123 1190 195; x_wconf 76' lang='lat'><strong>437</strong></span> 
     </span>
    </p>
   </div>
   <div class='ocr_carea' id='block_1_2' title="bbox 168 276 1192 551">
    <p class='ocr_par' dir='ltr' id='par_1_2' title="bbox 168 276 1192 551">
     <span class='ocr_line' id='line_1_2' title="bbox 280 276 1192 366; baseline -0.008 -18"><span class='ocrx_word' id='word_1_6' title='bbox 280 280 323 353; x_wconf 86' lang='lat' dir='ltr'><strong>do</strong></span> <span class='ocrx_word' id='word_1_7' title='bbox 344 280 477 361; x_wconf 87' lang='lat' dir='ltr'><strong>sancita,</strong></span> <span class='ocrx_word' id='word_1_8' title='bbox 499 303 571 366; x_wconf 83' lang='lat' dir='ltr'><strong>quae</strong></span> <span class='ocrx_word' id='word_1_9' title='bbox 594 280 736 345; x_wconf 89' lang='lat' dir='ltr'><strong>nonnihil</strong></span> <span class='ocrx_word' id='word_1_10' title='bbox 759 280 875 346; x_wconf 86' lang='lat' dir='ltr'><strong>variata</strong></span> <span class='ocrx_word' id='word_1_11' title='bbox 896 279 928 344; x_wconf 80' lang='lat' dir='ltr'><strong>in&#39;</strong></span> <span class='ocrx_word' id='word_1_12' title='bbox 947 278 1059 344; x_wconf 80' lang='lat' dir='ltr'><em>Isidori</em></span> <span class='ocrx_word' id='word_1_13' title='bbox 1074 276 1192 344; x_wconf 83' lang='lat' dir='ltr'><strong>Collec-</strong></span> 
     </span>
     <span class='ocr_line' id='line_1_3' title="bbox 241 363 1191 512; baseline -0.008 -77"><span class='ocrx_word' id='word_1_14' title='bbox 241 382 302 470; x_wconf 74' lang='lat' dir='ltr'><strong>‚et</strong></span> <span class='ocrx_word' id='word_1_15' title='bbox 315 369 348 433; x_wconf 94' lang='lat' dir='ltr'><strong>in</strong></span> <span class='ocrx_word' id='word_1_16' title='bbox 364 365 474 466; x_wconf 82' lang='lat' dir='ltr'><strong>Codice</strong></span> <span class='ocrx_word' id='word_1_17' title='bbox 489 366 646 465; x_wconf 62' lang='lat' dir='ltr'><strong>(fannium</strong></span> <span class='ocrx_word' id='word_1_18' title='bbox 660 387 699 431; x_wconf 86' lang='lat' dir='ltr'><strong>ex</strong></span> <span class='ocrx_word' id='word_1_19' title='bbox 712 366 839 466; x_wconf 80' lang='lat' dir='ltr'><strong>dupbus</strong></span> <span class='ocrx_word' id='word_1_20' title='bbox 854 367 959 464; x_wconf 75' lang='lat' dir='ltr'><strong>MStis</strong></span> <span class='ocrx_word' id='word_1_21' title='bbox 978 389 996 430; x_wconf 85' lang='lat' dir='ltr'><strong>a</strong></span> <span class='ocrx_word' id='word_1_22' title='bbox 1014 363 1191 512; x_wconf 43' lang='lat' dir='ltr'><strong>quesnelio</strong></span> 
     </span>
     <span class='ocr_line' id='line_1_4' title="bbox 168 450 1190 551; baseline -0.005 -34"><span class='ocrx_word' id='word_1_23' title='bbox 168 524 171 529; x_wconf 58' lang='grc'><strong><em>,</em></strong></span> <span class='ocrx_word' id='word_1_24' title='bbox 225 474 262 532; x_wconf 89' lang='grc' dir='ltr'><strong>ο,</strong></span> <span class='ocrx_word' id='word_1_25' title='bbox 282 477 313 518; x_wconf 82' lang='grc' dir='ltr'><strong>ιη</strong></span> <span class='ocrx_word' id='word_1_26' title='bbox 336 452 513 537; x_wconf 75' lang='lat' dir='ltr'><strong>capitulari</strong></span> <span class='ocrx_word' id='word_1_27' title='bbox 533 473 664 539; x_wconf 90' lang='lat' dir='ltr'><strong>quoque</strong></span> <span class='ocrx_word' id='word_1_28' title='bbox 681 455 928 551; x_wconf 75' lang='lat' dir='ltr'><strong>Aansgrunensr</strong></span> <span class='ocrx_word' id='word_1_29' title='bbox 950 452 1054 515; x_wconf 87' lang='lat' dir='ltr'><strong>Coror</strong></span> <span class='ocrx_word' id='word_1_30' title='bbox 1074 450 1125 513; x_wconf 89' lang='lat' dir='ltr'><strong>M.</strong></span> <span class='ocrx_word' id='word_1_31' title='bbox 1141 462 1190 512; x_wconf 89' lang='lat' dir='ltr'><strong>et-</strong></span> 
     </span>
    </p>
   </div>
   <div class='ocr_carea' id='block_1_3' title="bbox 128 534 1193 808">
    <p class='ocr_par' dir='ltr' id='par_1_3' title="bbox 128 534 1193 808">
     <span class='ocr_line' id='line_1_5' title="bbox 181 534 1190 637; baseline -0.005 -35"><span class='ocrx_word' id='word_1_32' title='bbox 181 544 184 549; x_wconf 86' lang='lat'>&#39;</span> <span class='ocrx_word' id='word_1_33' title='bbox 235 540 333 627; x_wconf 85' lang='lat' dir='ltr'><strong>paulo</strong></span> <span class='ocrx_word' id='word_1_34' title='bbox 345 552 515 624; x_wconf 81' lang='lat' dir='ltr'>antequam</span> <span class='ocrx_word' id='word_1_35' title='bbox 529 539 627 637; x_wconf 71' lang='lat' dir='ltr'><strong>vulgo</strong></span> <span class='ocrx_word' id='word_1_36' title='bbox 639 551 715 602; x_wconf 89' lang='lat' dir='ltr'><strong>nota</strong></span> <span class='ocrx_word' id='word_1_37' title='bbox 724 538 819 601; x_wconf 82' lang='lat' dir='ltr'><strong>fuerit</strong></span> <span class='ocrx_word' id='word_1_38' title='bbox 831 537 990 603; x_wconf 89' lang='lat' dir='ltr'><strong>Collectio</strong></span> <span class='ocrx_word' id='word_1_39' title='bbox 1004 534 1190 611; x_wconf 85' lang='lat' dir='ltr'><strong>isidoriana,</strong></span> 
     </span>
     <span class='ocr_line' id='line_1_6' title="bbox 128 619 1191 712; baseline -0.008 -22"><span class='ocrx_word' id='word_1_40' title='bbox 128 706 132 711; x_wconf 25' lang='grc' dir='ltr'>Ι</span> <span class='ocrx_word' id='word_1_41' title='bbox 234 624 351 711; x_wconf 84' lang='lat' dir='ltr'><strong>pamit.</strong></span> <span class='ocrx_word' id='word_1_42' title='bbox 390 625 457 712; x_wconf 71' lang='lat' dir='ltr'><strong>Qui</strong></span> <span class='ocrx_word' id='word_1_43' title='bbox 479 623 562 687; x_wconf 81' lang='lat' dir='ltr'><strong>eninr</strong></span> <span class='ocrx_word' id='word_1_44' title='bbox 585 622 617 687; x_wconf 91' lang='lat' dir='ltr'><strong>1d</strong></span> <span class='ocrx_word' id='word_1_45' title='bbox 639 623 712 687; x_wconf 81' lang='lat' dir='ltr'><strong>ferri</strong></span> <span class='ocrx_word' id='word_1_46' title='bbox 731 638 852 709; x_wconf 88' lang='lat' dir='ltr'><strong>posset,</strong></span> <span class='ocrx_word' id='word_1_47' title='bbox 871 635 906 686; x_wconf 89' lang='lat' dir='ltr'><strong>ut</strong></span> <span class='ocrx_word' id='word_1_48' title='bbox 926 622 1080 687; x_wconf 80' lang='lat' dir='ltr'><strong>renitente</strong></span> <span class='ocrx_word' id='word_1_49' title='bbox 1101 619 1191 685; x_wconf 89' lang='lat' dir='ltr'><strong>omni</strong></span> 
     </span>
     <span class='ocr_line' id='line_1_7' title="bbox 209 706 1193 808; baseline -0.007 -33"><span class='ocrx_word' id='word_1_50' title='bbox 209 708 350 796; x_wconf 81' lang='lat' dir='ltr'><strong>‘quitate</strong></span> <span class='ocrx_word' id='word_1_51' title='bbox 370 710 546 797; x_wconf 87' lang='lat' dir='ltr'><strong>presbyteri</strong></span> <span class='ocrx_word' id='word_1_52' title='bbox 566 707 723 808; x_wconf 74' lang='lat' dir='ltr'><strong>permissu</strong></span> <span class='ocrx_word' id='word_1_53' title='bbox 745 706 916 794; x_wconf 86' lang='lat' dir='ltr'><strong>episcopali</strong></span> <span class='ocrx_word' id='word_1_54' title='bbox 935 706 1065 771; x_wconf 83' lang='lat' dir='ltr'><strong>aliterve</strong></span> <span class='ocrx_word' id='word_1_55' title='bbox 1085 726 1193 769; x_wconf 86' lang='lat' dir='ltr'><strong>sacros</strong></span> 
     </span>
    </p>
   </div>
   <div class='ocr_carea' id='block_1_4' title="bbox 228 793 1191 877">
    <p class='ocr_par' dir='ltr' id='par_1_4' title="bbox 228 793 1191 877">
     <span class='ocr_line' id='line_1_8' title="bbox 228 793 1191 877; baseline -0.005 -18"><span class='ocrx_word' id='word_1_56' title='bbox 228 816 301 859; x_wconf 85' lang='lat' dir='ltr'><strong>uam</strong></span> <span class='ocrx_word' id='word_1_57' title='bbox 317 794 491 859; x_wconf 85' lang='lat' dir='ltr'>contulisse</span> <span class='ocrx_word' id='word_1_58' title='bbox 506 794 632 859; x_wconf 83' lang='lat' dir='ltr'><strong>ordines</strong></span> <span class='ocrx_word' id='word_1_59' title='bbox 646 793 926 858; x_wconf 80' lang='lat' dir='ltr'><strong>existimarentur?</strong></span> <span class='ocrx_word' id='word_1_60' title='bbox 958 793 1005 856; x_wconf 88' lang='lat' dir='ltr'><strong>At</strong></span> <span class='ocrx_word' id='word_1_61' title='bbox 1026 812 1121 877; x_wconf 88' lang='lat' dir='ltr'><strong>prava</strong></span> <span class='ocrx_word' id='word_1_62' title='bbox 1142 805 1191 855; x_wconf 88' lang='lat' dir='ltr'><strong>ta·</strong></span> 
     </span>
    </p>
   </div>
   <div class='ocr_carea' id='block_1_5' title="bbox 105 870 1192 1205">
    <p class='ocr_par' dir='ltr' id='par_1_5' title="bbox 105 870 1192 1205">
     <span class='ocr_line' id='line_1_9' title="bbox 105 875 1192 945; baseline -0.001 -4"><span class='ocrx_word' id='word_1_63' title='bbox 105 898 138 941; x_wconf 83' lang='grc' dir='ltr'>ι</span> <span class='ocrx_word' id='word_1_64' title='bbox 207 900 236 945; x_wconf 85' lang='lat' dir='ltr'><strong>n</strong></span> <span class='ocrx_word' id='word_1_65' title='bbox 257 881 364 945; x_wconf 86' lang='lat' dir='ltr'><strong>Graeci</strong></span> <span class='ocrx_word' id='word_1_66' title='bbox 386 879 518 943; x_wconf 89' lang='lat' dir='ltr'><strong>canonis</strong></span> <span class='ocrx_word' id='word_1_67' title='bbox 539 879 641 944; x_wconf 89' lang='lat' dir='ltr'><strong>versio</strong></span> <span class='ocrx_word' id='word_1_68' title='bbox 662 877 741 943; x_wconf 90' lang='lat' dir='ltr'><strong>illud</strong></span> <span class='ocrx_word' id='word_1_69' title='bbox 761 879 930 943; x_wconf 78' lang='lat' dir='ltr'><strong>asserebat.</strong></span> <span class='ocrx_word' id='word_1_70' title='bbox 976 878 1063 941; x_wconf 90' lang='lat' dir='ltr'><strong>Hinc</strong></span> <span class='ocrx_word' id='word_1_71' title='bbox 1083 875 1192 940; x_wconf 84' lang='lat' dir='ltr'><strong>deesse</strong></span> 
     </span>
     <span class='ocr_line' id='line_1_10' title="bbox 225 960 1192 1049; baseline -0.005 -19"><span class='ocrx_word' id='word_1_72' title='bbox 225 964 282 1031; x_wconf 85' lang='lat' dir='ltr'><strong>uid</strong></span> <span class='ocrx_word' id='word_1_73' title='bbox 305 966 336 1029; x_wconf 92' lang='lat' dir='ltr'><strong>in</strong></span> <span class='ocrx_word' id='word_1_74' title='bbox 361 965 527 1030; x_wconf 81' lang='lat' dir='ltr'><strong>codicibus</strong></span> <span class='ocrx_word' id='word_1_75' title='bbox 548 964 615 1029; x_wconf 88' lang='lat' dir='ltr'><strong>suis</strong></span> <span class='ocrx_word' id='word_1_76' title='bbox 638 964 691 1028; x_wconf 88' lang='lat' dir='ltr'><strong>alii</strong></span> <span class='ocrx_word' id='word_1_77' title='bbox 717 965 823 1029; x_wconf 91' lang='lat' dir='ltr'><strong>Latini</strong></span> <span class='ocrx_word' id='word_1_78' title='bbox 845 964 1032 1049; x_wconf 86' lang='lat' dir='ltr'><strong>interpretes</strong></span> <span class='ocrx_word' id='word_1_79' title='bbox 1055 960 1192 1046; x_wconf 86' lang='lat' dir='ltr'><strong>collige·</strong></span> 
     </span>
     <span class='ocr_line' id='line_1_11' title="bbox 105 870 1192 1205; baseline -0.006 -89"><span class='ocrx_word' id='word_1_80' title='bbox 105 870 249 1205; x_wconf 45' lang='grc' dir='ltr'><strong>ᾔτηη,</strong></span> <span class='ocrx_word' id='word_1_81' title='bbox 262 1064 358 1138; x_wconf 87' lang='lat' dir='ltr'><strong>atque</strong></span> <span class='ocrx_word' id='word_1_82' title='bbox 373 1052 417 1115; x_wconf 87' lang='lat' dir='ltr'><strong>ita</strong></span> <span class='ocrx_word' id='word_1_83' title='bbox 431 1051 578 1136; x_wconf 89' lang='lat' dir='ltr'><strong>supplere</strong></span> <span class='ocrx_word' id='word_1_84' title='bbox 593 1050 781 1137; x_wconf 85' lang='lat' dir='ltr'><strong>pergebant,</strong></span> <span class='ocrx_word' id='word_1_85' title='bbox 794 1049 881 1136; x_wconf 92' lang='lat' dir='ltr'><strong>quod</strong></span> <span class='ocrx_word' id='word_1_86' title='bbox 893 1070 967 1112; x_wconf 91' lang='lat' dir='ltr'><strong>cum</strong></span> <span class='ocrx_word' id='word_1_87' title='bbox 979 1048 1049 1111; x_wconf 90' lang='lat' dir='ltr'><strong>aliis</strong></span> <span class='ocrx_word' id='word_1_88' title='bbox 1060 1046 1192 1134; x_wconf 89' lang='lat' dir='ltr'><strong>quidem</strong></span> 
     </span>
    </p>
   </div>
   <div class='ocr_carea' id='block_1_6' title="bbox 103 1132 1199 4191">
    <p class='ocr_par' dir='ltr' id='par_1_6' title="bbox 104 1132 1199 2593">
     <span class='ocr_line' id='line_1_12' title="bbox 189 1132 1193 1222; baseline -0.005 -21"><span class='ocrx_word' id='word_1_89' title='bbox 189 1136 336 1201; x_wconf 76' lang='lat' dir='ltr'><strong>tionibus</strong></span> <span class='ocrx_word' id='word_1_90' title='bbox 349 1152 384 1201; x_wconf 87' lang='lat' dir='ltr'><strong>et</strong></span> <span class='ocrx_word' id='word_1_91' title='bbox 397 1135 564 1222; x_wconf 85' lang='lat' dir='ltr'><strong>disciplina</strong></span> <span class='ocrx_word' id='word_1_92' title='bbox 576 1135 789 1200; x_wconf 84' lang='lat' dir='ltr'><strong>ecclesiastica</strong></span> <span class='ocrx_word' id='word_1_93' title='bbox 802 1136 883 1198; x_wconf 88' lang='lat' dir='ltr'><strong>bene</strong></span> <span class='ocrx_word' id='word_1_94' title='bbox 896 1148 1100 1220; x_wconf 83' lang='lat' dir='ltr'><strong>congrueret.</strong></span> <span class='ocrx_word' id='word_1_95' title='bbox 1141 1132 1193 1196; x_wconf 93' lang='lat' dir='ltr'><strong>Si·</strong></span> 
     </span>
     <span class='ocr_line' id='line_1_13' title="bbox 105 1217 1194 1309; baseline -0.004 -23"><span class='ocrx_word' id='word_1_96' title='bbox 105 1222 293 1309; x_wconf 68' lang='lat' dir='ltr'><strong>&#39;fflilique</strong></span> <span class='ocrx_word' id='word_1_97' title='bbox 307 1221 347 1285; x_wconf 90' lang='lat' dir='ltr'><strong>de</strong></span> <span class='ocrx_word' id='word_1_98' title='bbox 361 1243 457 1286; x_wconf 88' lang='lat' dir='ltr'><strong>causa</strong></span> <span class='ocrx_word' id='word_1_99' title='bbox 476 1220 606 1285; x_wconf 89' lang='lat' dir='ltr'><strong>adducti</strong></span> <span class='ocrx_word' id='word_1_100' title='bbox 624 1243 693 1285; x_wconf 89' lang='lat' dir='ltr'><strong>esse</strong></span> <span class='ocrx_word' id='word_1_101' title='bbox 709 1220 864 1298; x_wconf 90' lang='lat' dir='ltr'><strong>videntur,</strong></span> <span class='ocrx_word' id='word_1_102' title='bbox 879 1234 915 1283; x_wconf 92' lang='lat' dir='ltr'><strong>ut</strong></span> <span class='ocrx_word' id='word_1_103' title='bbox 929 1218 1012 1282; x_wconf 88' lang='lat' dir='ltr'><strong>idem</strong></span> <span class='ocrx_word' id='word_1_104' title='bbox 1029 1218 1089 1283; x_wconf 88' lang='lat' dir='ltr'><strong>hac</strong></span> <span class='ocrx_word' id='word_1_105' title='bbox 1104 1217 1144 1282; x_wconf 89' lang='lat' dir='ltr'><strong>dc</strong></span> <span class='ocrx_word' id='word_1_106' title='bbox 1159 1238 1194 1282; x_wconf 85' lang='lat' dir='ltr'><strong>rc</strong></span> 
     </span>
     <span class='ocr_line' id='line_1_14' title="bbox 207 1303 1194 1384; baseline -0.004 -11"><span class='ocrx_word' id='word_1_107' title='bbox 207 1320 336 1373; x_wconf 84' lang='lat' dir='ltr'><strong>tuerent</strong></span> <span class='ocrx_word' id='word_1_108' title='bbox 360 1323 508 1372; x_wconf 87' lang='lat' dir='ltr'><strong>auctores</strong></span> <span class='ocrx_word' id='word_1_109' title='bbox 534 1307 735 1384; x_wconf 89' lang='lat' dir='ltr'><strong>recentiores,</strong></span> <span class='ocrx_word' id='word_1_110' title='bbox 760 1304 997 1384; x_wconf 88' lang='lat' dir='ltr'><strong>Hammondus,</strong></span> <span class='ocrx_word' id='word_1_111' title='bbox 1019 1306 1129 1368; x_wconf 90' lang='lat' dir='ltr'><strong>Petrus</strong></span> <span class='ocrx_word' id='word_1_112' title='bbox 1153 1303 1194 1369; x_wconf 89' lang='lat' dir='ltr'><strong>de</strong></span> 
     </span>
     <span class='ocr_line' id='line_1_15' title="bbox 121 1389 1195 1481; baseline -0.004 -24"><span class='ocrx_word' id='word_1_113' title='bbox 121 1476 126 1481; x_wconf 23' lang='grc' dir='ltr'>Ι</span> <span class='ocrx_word' id='word_1_114' title='bbox 196 1414 286 1471; x_wconf 80' lang='lat' dir='ltr'><strong>arna,</strong></span> <span class='ocrx_word' id='word_1_115' title='bbox 298 1392 522 1471; x_wconf 79' lang='lat' dir='ltr'><strong>Thorndicius,</strong></span> <span class='ocrx_word' id='word_1_116' title='bbox 537 1392 758 1470; x_wconf 86' lang='lat' dir='ltr'><strong>Cabassntius,</strong></span> <span class='ocrx_word' id='word_1_117' title='bbox 772 1391 986 1477; x_wconf 88' lang='lat' dir='ltr'><strong>Binghamus,</strong></span> <span class='ocrx_word' id='word_1_118' title='bbox 998 1389 1195 1468; x_wconf 85' lang='lat' dir='ltr'><strong>Johnsonus,</strong></span> 
     </span>
     <span class='ocr_line' id='line_1_16' title="bbox 104 1475 1194 1562; baseline -0.011 -13"><span class='ocrx_word' id='word_1_119' title='bbox 104 1476 236 1556; x_wconf 64' lang='lat' dir='ltr'><strong>ir5ffli3</strong></span> <span class='ocrx_word' id='word_1_120' title='bbox 267 1478 344 1542; x_wconf 91' lang='lat' dir='ltr'><strong>dum</strong></span> <span class='ocrx_word' id='word_1_121' title='bbox 373 1478 529 1556; x_wconf 88' lang='lat' dir='ltr'><strong>Petavius,</strong></span> <span class='ocrx_word' id='word_1_122' title='bbox 551 1477 757 1542; x_wconf 79' lang='lat' dir='ltr'><strong>alienatione</strong></span> <span class='ocrx_word' id='word_1_123' title='bbox 779 1498 846 1540; x_wconf 87' lang='lat' dir='ltr'><strong>rem</strong></span> <span class='ocrx_word' id='word_1_124' title='bbox 868 1475 1018 1540; x_wconf 88' lang='lat' dir='ltr'><strong>medicari</strong></span> <span class='ocrx_word' id='word_1_125' title='bbox 1041 1476 1194 1562; x_wconf 81' lang='lat' dir='ltr'><strong>gestiens,</strong></span> 
     </span>
     <span class='ocr_line' id='line_1_17' title="bbox 104 1560 1197 1650; baseline -0.002 -22"><span class='ocrx_word' id='word_1_126' title='bbox 104 1562 268 1640; x_wconf 53' lang='lat' dir='ltr'><strong>Herba,</strong></span> <span class='ocrx_word' id='word_1_127' title='bbox 283 1567 362 1628; x_wconf 75' lang='grc' dir='ltr'><strong>ἀλλὰ</strong></span> <span class='ocrx_word' id='word_1_128' title='bbox 380 1565 447 1646; x_wconf 79' lang='grc' dir='ltr'><strong>μηδὲ</strong></span> <span class='ocrx_word' id='word_1_129' title='bbox 467 1562 670 1650; x_wconf 68' lang='grc' dir='ltr'><strong><em>σρεσὲυτὲρους</em></strong></span> <span class='ocrx_word' id='word_1_130' title='bbox 689 1562 811 1641; x_wconf 71' lang='grc' dir='ltr'><strong><em>πόλεως,</em></strong></span> <span class='ocrx_word' id='word_1_131' title='bbox 827 1562 959 1625; x_wconf 88' lang='lat' dir='ltr'><strong>omnino</strong></span> <span class='ocrx_word' id='word_1_132' title='bbox 975 1560 1147 1626; x_wconf 85' lang='lat' dir='ltr'><strong>resecanda</strong></span> <span class='ocrx_word' id='word_1_133' title='bbox 1163 1576 1197 1626; x_wconf 89' lang='lat' dir='ltr'><strong>et</strong></span> 
     </span>
     <span class='ocr_line' id='line_1_18' title="bbox 104 1646 1194 1736; baseline -0.004 -22"><span class='ocrx_word' id='word_1_134' title='bbox 104 1649 372 1735; x_wconf 63' lang='lat' dir='ltr'><strong>si-Jupungenda</strong></span> <span class='ocrx_word' id='word_1_135' title='bbox 381 1648 488 1736; x_wconf 85' lang='lat' dir='ltr'><strong>jubet,</strong></span> <span class='ocrx_word' id='word_1_136' title='bbox 500 1649 532 1712; x_wconf 94' lang='lat' dir='ltr'><strong>in</strong></span> <span class='ocrx_word' id='word_1_137' title='bbox 544 1647 637 1712; x_wconf 86' lang='lat' dir='ltr'><strong>Notis</strong></span> <span class='ocrx_word' id='word_1_138' title='bbox 647 1647 690 1712; x_wconf 90' lang='lat' dir='ltr'><strong>od</strong></span> <span class='ocrx_word' id='word_1_139' title='bbox 702 1646 929 1733; x_wconf 68' lang='lat' dir='ltr'><strong>Epiphaniam,</strong></span> <span class='ocrx_word' id='word_1_140' title='bbox 943 1658 1023 1710; x_wconf 90' lang='lat' dir='ltr'><strong>tom.</strong></span> <span class='ocrx_word' id='word_1_141' title='bbox 1032 1646 1066 1710; x_wconf 93' lang='lat' dir='ltr'><strong>ii.</strong></span> <span class='ocrx_word' id='word_1_142' title='bbox 1081 1667 1113 1732; x_wconf 97' lang='lat' dir='ltr'><strong>p.</strong></span> <span class='ocrx_word' id='word_1_143' title='bbox 1124 1656 1194 1722; x_wconf 87' lang='grc'><strong>277.</strong></span> 
     </span>
     <span class='ocr_line' id='line_1_19' title="bbox 104 1730 1196 1820; baseline -0.008 -17"><span class='ocrx_word' id='word_1_144' title='bbox 104 1733 360 1820; x_wconf 51' lang='lat' dir='ltr'><strong>ndidemque,</strong></span> <span class='ocrx_word' id='word_1_145' title='bbox 377 1734 410 1797; x_wconf 88' lang='lat' dir='ltr'><strong>ni</strong></span> <span class='ocrx_word' id='word_1_146' title='bbox 428 1734 533 1812; x_wconf 86' lang='lat' dir='ltr'><strong>fallor,</strong></span> <span class='ocrx_word' id='word_1_147' title='bbox 547 1746 669 1819; x_wconf 85' lang='lat' dir='ltr'><strong>spectat</strong></span> <span class='ocrx_word' id='word_1_148' title='bbox 685 1734 816 1797; x_wconf 80' lang='lat' dir='ltr'><strong>varietas</strong></span> <span class='ocrx_word' id='word_1_149' title='bbox 836 1731 892 1796; x_wconf 86' lang='lat' dir='ltr'><strong>iiia</strong></span> <span class='ocrx_word' id='word_1_150' title='bbox 911 1730 1041 1795; x_wconf 80' lang='lat' dir='ltr'><strong>duorum</strong></span> <span class='ocrx_word' id='word_1_151' title='bbox 1061 1731 1196 1795; x_wconf 80' lang='lat' dir='ltr'><strong>codicum</strong></span> 
     </span>
     <span class='ocr_line' id='line_1_20' title="bbox 133 1816 1194 1885; baseline -0.006 0"><span class='ocrx_word' id='word_1_152' title='bbox 133 1818 194 1885; x_wconf 75' lang='lat' dir='ltr'><strong>*in</strong></span> <span class='ocrx_word' id='word_1_153' title='bbox 216 1819 414 1885; x_wconf 87' lang='lat' dir='ltr'><strong>bibliotheca</strong></span> <span class='ocrx_word' id='word_1_154' title='bbox 433 1818 608 1885; x_wconf 76' lang='lat' dir='ltr'><strong>Bodleiano</strong></span> <span class='ocrx_word' id='word_1_155' title='bbox 627 1818 794 1883; x_wconf 80' lang='lat' dir='ltr'><strong>MStorum</strong></span> <span class='ocrx_word' id='word_1_156' title='bbox 807 1824 858 1882; x_wconf 98' lang='grc'><strong>26.</strong></span> <span class='ocrx_word' id='word_1_157' title='bbox 872 1830 906 1882; x_wconf 90' lang='lat' dir='ltr'><strong>et</strong></span> <span class='ocrx_word' id='word_1_158' title='bbox 919 1823 989 1881; x_wconf 84' lang='lat'><strong>62⁵.</strong></span> <span class='ocrx_word' id='word_1_159' title='bbox 1004 1816 1081 1881; x_wconf 88' lang='lat' dir='ltr'><strong>olim</strong></span> <span class='ocrx_word' id='word_1_160' title='bbox 1098 1816 1194 1881; x_wconf 79' lang='lat' dir='ltr'><strong>Raro-</strong></span> 
     </span>
     <span class='ocr_line' id='line_1_21' title="bbox 104 1902 1197 1991; baseline -0.004 -22"><span class='ocrx_word' id='word_1_161' title='bbox 104 1904 273 1989; x_wconf 46' lang='lat' dir='ltr'><strong>,altason</strong></span> <span class='ocrx_word' id='word_1_162' title='bbox 288 1926 383 1991; x_wconf 91' lang='lat' dir='ltr'><strong>quam</strong></span> <span class='ocrx_word' id='word_1_163' title='bbox 400 1916 473 1970; x_wconf 88' lang='lat' dir='ltr'><strong>ante</strong></span> <span class='ocrx_word' id='word_1_164' title='bbox 486 1904 745 1983; x_wconf 89' lang='lat' dir='ltr'><strong>commemoravi,</strong></span> <span class='ocrx_word' id='word_1_165' title='bbox 758 1925 824 1990; x_wconf 86' lang='lat' dir='ltr'><strong>prae</strong></span> <span class='ocrx_word' id='word_1_166' title='bbox 838 1924 872 1967; x_wconf 91' lang='lat' dir='ltr'><strong>se</strong></span> <span class='ocrx_word' id='word_1_167' title='bbox 887 1903 1008 1967; x_wconf 86' lang='lat' dir='ltr'><strong>ferente</strong></span> <span class='ocrx_word' id='word_1_168' title='bbox 1021 1902 1122 1966; x_wconf 87' lang='lat' dir='ltr'><strong>altero</strong></span> <span class='ocrx_word' id='word_1_169' title='bbox 1138 1922 1197 1966; x_wconf 89' lang='lat' dir='ltr'><strong>eo·</strong></span> 
     </span>
     <span class='ocr_line' id='line_1_22' title="bbox 104 1986 1197 2089; baseline -0.005 -30"><span class='ocrx_word' id='word_1_170' title='bbox 104 1989 295 2071; x_wconf 54' lang='lat' dir='ltr'><strong>uri-undem</strong></span> <span class='ocrx_word' id='word_1_171' title='bbox 308 1990 458 2056; x_wconf 90' lang='lat' dir='ltr'><strong>codicum</strong></span> <span class='ocrx_word' id='word_1_172' title='bbox 473 1990 627 2066; x_wconf 73' lang='grc' dir='ltr'><strong>ἐπισκόποις</strong></span> <span class='ocrx_word' id='word_1_173' title='bbox 639 1989 751 2064; x_wconf 75' lang='grc' dir='ltr'><strong><em>πόλεως</em></strong></span> <span class='ocrx_word' id='word_1_174' title='bbox 763 2011 822 2089; x_wconf 87' lang='lat' dir='ltr'><strong>pro</strong></span> <span class='ocrx_word' id='word_1_175' title='bbox 836 1986 1027 2076; x_wconf 67' lang='grc' dir='ltr'><strong><em>προοόοτόρες</em></strong></span> <span class='ocrx_word' id='word_1_176' title='bbox 1040 2015 1080 2052; x_wconf 76' lang='grc' dir='ltr'><strong>οι.</strong></span> <span class='ocrx_word' id='word_1_177' title='bbox 1095 1987 1197 2054; x_wconf 88' lang='lat' dir='ltr'><strong>altero</strong></span> 
     </span>
     <span class='ocr_line' id='line_1_23' title="bbox 104 2072 1198 2157; baseline -0.004 -14"><span class='ocrx_word' id='word_1_178' title='bbox 104 2085 271 2157; x_wconf 62' lang='lat' dir='ltr'><strong>ritatem</strong></span> <span class='ocrx_word' id='word_1_179' title='bbox 285 2075 502 2142; x_wconf 80' lang='lat' dir='ltr'><strong>accusativum</strong></span> <span class='ocrx_word' id='word_1_180' title='bbox 516 2075 677 2154; x_wconf 72' lang='grc' dir='ltr'><strong><em>ἐπισκόποις,</em></strong></span> <span class='ocrx_word' id='word_1_181' title='bbox 690 2075 746 2140; x_wconf 89' lang='lat' dir='ltr'><strong>sed</strong></span> <span class='ocrx_word' id='word_1_182' title='bbox 764 2075 855 2139; x_wconf 81' lang='lat' dir='ltr'><strong>illum</strong></span> <span class='ocrx_word' id='word_1_183' title='bbox 870 2087 1031 2139; x_wconf 88' lang='lat' dir='ltr'><strong>mutatum</strong></span> <span class='ocrx_word' id='word_1_184' title='bbox 1052 2074 1084 2138; x_wconf 93' lang='lat' dir='ltr'><strong>in</strong></span> <span class='ocrx_word' id='word_1_185' title='bbox 1100 2072 1198 2139; x_wconf 88' lang='lat' dir='ltr'><strong>dandi</strong></span> 
     </span>
     <span class='ocr_line' id='line_1_24' title="bbox 104 2158 1199 2249; baseline -0.005 -20"><span class='ocrx_word' id='word_1_186' title='bbox 104 2166 272 2245; x_wconf 59' lang='lat' dir='ltr'><strong>,i&#39;wum</strong></span> <span class='ocrx_word' id='word_1_187' title='bbox 287 2159 452 2241; x_wconf 67' lang='grc' dir='ltr'><strong><em>ἐπισκόποις,</em></strong></span> <span class='ocrx_word' id='word_1_188' title='bbox 465 2160 507 2226; x_wconf 84' lang='lat' dir='ltr'><strong>ad</strong></span> <span class='ocrx_word' id='word_1_189' title='bbox 526 2161 619 2249; x_wconf 85' lang='lat' dir='ltr'><strong>cujus</strong></span> <span class='ocrx_word' id='word_1_190' title='bbox 639 2172 747 2225; x_wconf 88' lang='lat' dir='ltr'><strong>tamen</strong></span> <span class='ocrx_word' id='word_1_191' title='bbox 764 2159 884 2224; x_wconf 89' lang='lat' dir='ltr'><strong>codicis</strong></span> <span class='ocrx_word' id='word_1_192' title='bbox 901 2180 990 2224; x_wconf 90' lang='lat' dir='ltr'><strong>oram</strong></span> <span class='ocrx_word' id='word_1_193' title='bbox 1012 2158 1109 2223; x_wconf 88' lang='lat' dir='ltr'><strong>lectio</strong></span> <span class='ocrx_word' id='word_1_194' title='bbox 1125 2180 1199 2224; x_wconf 88' lang='lat' dir='ltr'><strong>vera</strong></span> 
     </span>
     <span class='ocr_line' id='line_1_25' title="bbox 104 2244 1197 2335; baseline -0.003 -23"><span class='ocrx_word' id='word_1_195' title='bbox 104 2268 128 2331; x_wconf 72' lang='lat' dir='ltr'><strong>‘n&#39;</strong></span> <span class='ocrx_word' id='word_1_196' title='bbox 139 2244 365 2335; x_wconf 51' lang='lat' dir='ltr'><strong>semensas</strong></span> <span class='ocrx_word' id='word_1_197' title='bbox 377 2262 506 2312; x_wconf 86' lang='lat' dir='ltr'><strong>exarata</strong></span> <span class='ocrx_word' id='word_1_198' title='bbox 519 2259 578 2312; x_wconf 90' lang='lat' dir='ltr'><strong>est.</strong></span> <span class='ocrx_word' id='word_1_199' title='bbox 621 2247 693 2311; x_wconf 90' lang='lat' dir='ltr'><strong>Nec</strong></span> <span class='ocrx_word' id='word_1_200' title='bbox 708 2245 848 2310; x_wconf 87' lang='lat' dir='ltr'><strong>multum</strong></span> <span class='ocrx_word' id='word_1_201' title='bbox 862 2244 1014 2309; x_wconf 85' lang='lat' dir='ltr'><strong>dissimile</strong></span> <span class='ocrx_word' id='word_1_202' title='bbox 1028 2257 1077 2309; x_wconf 87' lang='lat' dir='ltr'><strong>est</strong></span> <span class='ocrx_word' id='word_1_203' title='bbox 1092 2245 1197 2309; x_wconf 89' lang='lat' dir='ltr'><strong>Scho-</strong></span> 
     </span>
     <span class='ocr_line' id='line_1_26' title="bbox 104 2329 1197 2419; baseline -0.004 -20"><span class='ocrx_word' id='word_1_204' title='bbox 104 2348 129 2419; x_wconf 64' lang='lat' dir='ltr'><strong>ij·</strong></span> <span class='ocrx_word' id='word_1_205' title='bbox 141 2330 242 2399; x_wconf 79' lang='lat' dir='ltr'><strong>&#39;lium</strong></span> <span class='ocrx_word' id='word_1_206' title='bbox 258 2332 291 2396; x_wconf 82' lang='lat' dir='ltr'><strong>in</strong></span> <span class='ocrx_word' id='word_1_207' title='bbox 305 2331 372 2397; x_wconf 81' lang='lat' dir='ltr'><strong>cod.</strong></span> <span class='ocrx_word' id='word_1_208' title='bbox 385 2346 476 2398; x_wconf 76' lang='lat'><strong>3³85.</strong></span> <span class='ocrx_word' id='word_1_209' title='bbox 491 2346 612 2411; x_wconf 71' lang='lat' dir='ltr'><strong>estana,</strong></span> <span class='ocrx_word' id='word_1_210' title='bbox 623 2329 693 2396; x_wconf 68' lang='lat' dir='ltr'><strong>“Ori</strong></span> <span class='ocrx_word' id='word_1_211' title='bbox 709 2335 758 2395; x_wconf 78' lang='grc' dir='ltr'><strong>οὔκ</strong></span> <span class='ocrx_word' id='word_1_212' title='bbox 774 2330 860 2410; x_wconf 73' lang='grc' dir='ltr'><strong><em>ἷξες-ιν</em></strong></span> <span class='ocrx_word' id='word_1_213' title='bbox 872 2330 1089 2417; x_wconf 79' lang='grc' dir='ltr'><strong><em>χωρεπόσκοπιις</em></strong></span> <span class='ocrx_word' id='word_1_214' title='bbox 1100 2355 1197 2418; x_wconf 75' lang='grc' dir='ltr'><strong><em>χαρο·</em></strong></span> 
     </span>
     <span class='ocr_line' id='line_1_27' title="bbox 104 2414 1198 2506; baseline 0.002 -26"><span class='ocrx_word' id='word_1_215' title='bbox 104 2438 125 2505; x_wconf 54' lang='grc' dir='ltr'><strong>ᾗ</strong></span> <span class='ocrx_word' id='word_1_216' title='bbox 142 2421 274 2487; x_wconf 54' lang='lat' dir='ltr'><strong>‘aaronis</strong></span> <span class='ocrx_word' id='word_1_217' title='bbox 285 2416 390 2498; x_wconf 66' lang='grc' dir='ltr'><strong><em>ἄλλως,</em></strong></span> <span class='ocrx_word' id='word_1_218' title='bbox 401 2419 459 2482; x_wconf 78' lang='lat' dir='ltr'><strong>ciii</strong></span> <span class='ocrx_word' id='word_1_219' title='bbox 473 2416 644 2495; x_wconf 69' lang='grc' dir='ltr'><strong><em>ἐπισκόπους,</em></strong></span> <span class='ocrx_word' id='word_1_220' title='bbox 659 2422 685 2480; x_wconf 77' lang='grc' dir='ltr'><strong>όν</strong></span> <span class='ocrx_word' id='word_1_221' title='bbox 700 2416 781 2506; x_wconf 65' lang='grc' dir='ltr'><strong>ἑτέρᾳ</strong></span> <span class='ocrx_word' id='word_1_222' title='bbox 793 2414 943 2505; x_wconf 64' lang='lat' dir='ltr'><strong>magnisias.</strong></span> <span class='ocrx_word' id='word_1_223' title='bbox 972 2414 1038 2481; x_wconf 84' lang='lat' dir='ltr'><strong>Sed</strong></span> <span class='ocrx_word' id='word_1_224' title='bbox 1052 2415 1085 2481; x_wconf 87' lang='lat' dir='ltr'><strong>in</strong></span> <span class='ocrx_word' id='word_1_225' title='bbox 1100 2417 1198 2504; x_wconf 81' lang='lat' dir='ltr'><strong>scrip·</strong></span> 
     </span>
     <span class='ocr_line' id='line_1_28' title="bbox 104 2501 981 2593; baseline -0.007 -22"><span class='ocrx_word' id='word_1_226' title='bbox 104 2522 134 2593; x_wconf 62' lang='lat' dir='ltr'><strong>tf·</strong></span> <span class='ocrx_word' id='word_1_227' title='bbox 159 2501 205 2571; x_wconf 71' lang='lat' dir='ltr'><strong>iis</strong></span> <span class='ocrx_word' id='word_1_228' title='bbox 220 2502 283 2580; x_wconf 79' lang='lat' dir='ltr'><strong>illis</strong></span> <span class='ocrx_word' id='word_1_229' title='bbox 297 2509 348 2568; x_wconf 93' lang='grc'><strong>26.</strong></span> <span class='ocrx_word' id='word_1_230' title='bbox 362 2519 396 2569; x_wconf 90' lang='lat' dir='ltr'><strong>et</strong></span> <span class='ocrx_word' id='word_1_231' title='bbox 407 2509 477 2568; x_wconf 86' lang='grc'><strong>625.</strong></span> <span class='ocrx_word' id='word_1_232' title='bbox 492 2503 577 2591; x_wconf 69' lang='grc' dir='ltr'><strong><em>ἓκόςῃ</em></strong></span> <span class='ocrx_word' id='word_1_233' title='bbox 592 2525 656 2567; x_wconf 91' lang='lat' dir='ltr'><strong>non</strong></span> <span class='ocrx_word' id='word_1_234' title='bbox 671 2501 714 2566; x_wconf 76' lang='grc' dir='ltr'><strong>ἑτέ</strong></span> <span class='ocrx_word' id='word_1_235' title='bbox 731 2530 751 2589; x_wconf 75' lang='grc' dir='ltr'>ᾳ</span> <span class='ocrx_word' id='word_1_236' title='bbox 764 2502 905 2589; x_wconf 90' lang='lat' dir='ltr'><strong>positum</strong></span> <span class='ocrx_word' id='word_1_237' title='bbox 921 2513 981 2566; x_wconf 88' lang='lat' dir='ltr'><strong>est.</strong></span> 
     </span>
    </p>

    <p class='ocr_par' dir='ltr' id='par_1_7' title="bbox 103 2528 1198 3873">
     <span class='ocr_line' id='line_1_29' title="bbox 104 2528 1198 2685; baseline 0 -30"><span class='ocrx_word' id='word_1_238' title='bbox 104 2606 121 2685; x_wconf 48' lang='grc' dir='ltr'><strong>Ι,</strong></span> <span class='ocrx_word' id='word_1_239' title='bbox 144 2602 149 2629; x_wconf 80' lang='lat'><em>²</em></span> <span class='ocrx_word' id='word_1_240' title='bbox 203 2587 338 2677; x_wconf 83' lang='lat' dir='ltr'><strong>Rejecto</strong></span> <span class='ocrx_word' id='word_1_241' title='bbox 360 2610 435 2653; x_wconf 81' lang='lat' dir='ltr'><strong>vero</strong></span> <span class='ocrx_word' id='word_1_242' title='bbox 459 2587 677 2653; x_wconf 79' lang='lat' dir='ltr'><strong>additamento</strong></span> <span class='ocrx_word' id='word_1_243' title='bbox 703 2528 927 2666; x_wconf 62' lang='lat' dir='ltr'><strong>iemandiano,</strong></span> <span class='ocrx_word' id='word_1_244' title='bbox 951 2587 1102 2653; x_wconf 89' lang='lat' dir='ltr'><strong>standum</strong></span> <span class='ocrx_word' id='word_1_245' title='bbox 1128 2609 1198 2655; x_wconf 86' lang='lat' dir='ltr'><strong>esse</strong></span> 
     </span>
     <span class='ocr_line' id='line_1_30' title="bbox 104 2672 1197 2765; baseline 0.003 -28"><span class='ocrx_word' id='word_1_246' title='bbox 104 2688 119 2765; x_wconf 67' lang='grc' dir='ltr'><strong>,ζ’</strong></span> <span class='ocrx_word' id='word_1_247' title='bbox 144 2672 286 2751; x_wconf 78' lang='lat' dir='ltr'><strong>--videtur</strong></span> <span class='ocrx_word' id='word_1_248' title='bbox 298 2673 361 2738; x_wconf 83' lang='lat' dir='ltr'><strong>fide</strong></span> <span class='ocrx_word' id='word_1_249' title='bbox 375 2674 563 2740; x_wconf 80' lang='lat' dir='ltr'><strong>Graecorum</strong></span> <span class='ocrx_word' id='word_1_250' title='bbox 578 2673 728 2738; x_wconf 82' lang='lat' dir='ltr'><strong>codicum</strong></span> <span class='ocrx_word' id='word_1_251' title='bbox 742 2695 780 2738; x_wconf 89' lang='lat' dir='ltr'><strong>ac</strong></span> <span class='ocrx_word' id='word_1_252' title='bbox 797 2694 925 2759; x_wconf 70' lang='lat' dir='ltr'><strong>magnae</strong></span> <span class='ocrx_word' id='word_1_253' title='bbox 947 2675 1046 2758; x_wconf 91' lang='lat' dir='ltr'><strong>partis</strong></span> <span class='ocrx_word' id='word_1_254' title='bbox 1067 2675 1197 2740; x_wconf 87' lang='lat' dir='ltr'><strong>Latina·</strong></span> 
     </span>
     <span class='ocr_line' id='line_1_31' title="bbox 104 2757 1198 2908; baseline 0 -83"><span class='ocrx_word' id='word_1_255' title='bbox 104 2778 234 2849; x_wconf 57' lang='lat' dir='ltr'><strong>,suum</strong></span> <span class='ocrx_word' id='word_1_256' title='bbox 259 2758 465 2838; x_wconf 87' lang='lat' dir='ltr'><strong>Versionum,</strong></span> <span class='ocrx_word' id='word_1_257' title='bbox 487 2758 585 2908; x_wconf 50' lang='lat' dir='ltr'><strong>idpue</strong></span> <span class='ocrx_word' id='word_1_258' title='bbox 611 2759 793 2823; x_wconf 84' lang='lat' dir='ltr'><strong>faciendum</strong></span> <span class='ocrx_word' id='word_1_259' title='bbox 820 2779 894 2823; x_wconf 90' lang='lat' dir='ltr'><strong>meo</strong></span> <span class='ocrx_word' id='word_1_260' title='bbox 918 2758 1048 2906; x_wconf 55' lang='lat' dir='ltr'><strong>guidem</strong></span> <span class='ocrx_word' id='word_1_261' title='bbox 1069 2757 1198 2846; x_wconf 86' lang='lat' dir='ltr'><strong>judicio</strong></span> 
     </span>
     <span class='ocr_line' id='line_1_32' title="bbox 104 2841 1197 2933; baseline -0.004 -20"><span class='ocrx_word' id='word_1_262' title='bbox 104 2886 119 2933; x_wconf 59' lang='grc' dir='ltr'><strong>Ι,</strong></span> <span class='ocrx_word' id='word_1_263' title='bbox 144 2841 273 2913; x_wconf 80' lang='lat' dir='ltr'><strong>‘omnia</strong></span> <span class='ocrx_word' id='word_1_264' title='bbox 294 2844 389 2909; x_wconf 90' lang='lat' dir='ltr'><strong>nobis</strong></span> <span class='ocrx_word' id='word_1_265' title='bbox 413 2864 527 2930; x_wconf 89' lang='lat' dir='ltr'><strong>persua</strong></span> <span class='ocrx_word' id='word_1_266' title='bbox 549 2858 616 2908; x_wconf 90' lang='lat' dir='ltr'><strong>ent.</strong></span> <span class='ocrx_word' id='word_1_267' title='bbox 666 2846 720 2909; x_wconf 88' lang='lat' dir='ltr'><strong>Ne</strong></span> <span class='ocrx_word' id='word_1_268' title='bbox 744 2865 784 2907; x_wconf 90' lang='lat' dir='ltr'><strong>ue</strong></span> <span class='ocrx_word' id='word_1_269' title='bbox 804 2843 898 2908; x_wconf 86' lang='lat' dir='ltr'><strong>aliter</strong></span> <span class='ocrx_word' id='word_1_270' title='bbox 943 2865 961 2906; x_wconf 93' lang='lat' dir='ltr'><strong>e</strong></span> <span class='ocrx_word' id='word_1_271' title='bbox 986 2843 1048 2907; x_wconf 91' lang='lat' dir='ltr'><strong>hoc</strong></span> <span class='ocrx_word' id='word_1_272' title='bbox 1070 2844 1197 2909; x_wconf 88' lang='lat' dir='ltr'><strong>addita-</strong></span> 
     </span>
     <span class='ocr_line' id='line_1_33' title="bbox 103 2928 1197 3017; baseline 0.001 -22"><span class='ocrx_word' id='word_1_273' title='bbox 103 2980 109 3015; x_wconf 73' lang='lat'><strong>,</strong></span> <span class='ocrx_word' id='word_1_274' title='bbox 146 2942 275 2995; x_wconf 84' lang='lat' dir='ltr'><strong>mento</strong></span> <span class='ocrx_word' id='word_1_275' title='bbox 288 2928 490 2994; x_wconf 83' lang='lat' dir='ltr'><strong>existimabat</strong></span> <span class='ocrx_word' id='word_1_276' title='bbox 501 2929 547 2995; x_wconf 88' lang='lat' dir='ltr'><strong>vir</strong></span> <span class='ocrx_word' id='word_1_277' title='bbox 556 2929 598 2994; x_wconf 90' lang='lat' dir='ltr'><strong>cl.</strong></span> <span class='ocrx_word' id='word_1_278' title='bbox 614 2930 699 2994; x_wconf 87' lang='lat' dir='ltr'><strong>Hen.</strong></span> <span class='ocrx_word' id='word_1_279' title='bbox 746 2928 913 3007; x_wconf 85' lang='lat' dir='ltr'><strong>odwcllus,</strong></span> <span class='ocrx_word' id='word_1_280' title='bbox 922 2928 982 2993; x_wconf 88' lang='lat' dir='ltr'><strong>etsi</strong></span> <span class='ocrx_word' id='word_1_281' title='bbox 993 2928 1055 2993; x_wconf 86' lang='lat' dir='ltr'><strong>alia</strong></span> <span class='ocrx_word' id='word_1_282' title='bbox 1066 2930 1197 3017; x_wconf 90' lang='lat' dir='ltr'><strong>quidem</strong></span> 
     </span>
     <span class='ocr_line' id='line_1_34' title="bbox 145 3015 1197 3102; baseline -0.001 -21"><span class='ocrx_word' id='word_1_283' title='bbox 145 3015 213 3081; x_wconf 61' lang='lat' dir='ltr'><strong>wia</strong></span> <span class='ocrx_word' id='word_1_284' title='bbox 233 3035 407 3102; x_wconf 76' lang='lat' dir='ltr'><strong>aggressus</strong></span> <span class='ocrx_word' id='word_1_285' title='bbox 425 3027 476 3078; x_wconf 85' lang='lat' dir='ltr'><strong>est</strong></span> <span class='ocrx_word' id='word_1_286' title='bbox 494 3015 674 3080; x_wconf 83' lang='lat' dir='ltr'><strong>difficultati</strong></span> <span class='ocrx_word' id='word_1_287' title='bbox 694 3036 872 3092; x_wconf 88' lang='lat' dir='ltr'><strong>occurrere,</strong></span> <span class='ocrx_word' id='word_1_288' title='bbox 888 3037 972 3101; x_wconf 87' lang='lat' dir='ltr'><strong>quae,</strong></span> <span class='ocrx_word' id='word_1_289' title='bbox 988 3029 1084 3099; x_wconf 89' lang='lat' dir='ltr'><strong>prout</strong></span> <span class='ocrx_word' id='word_1_290' title='bbox 1102 3015 1197 3081; x_wconf 91' lang='lat' dir='ltr'><strong>lucu·</strong></span> 
     </span>
     <span class='ocr_line' id='line_1_35' title="bbox 147 3098 1196 3187; baseline 0.003 -22"><span class='ocrx_word' id='word_1_291' title='bbox 147 3098 265 3165; x_wconf 88' lang='lat' dir='ltr'><strong>·lentcr</strong></span> <span class='ocrx_word' id='word_1_292' title='bbox 278 3098 420 3165; x_wconf 86' lang='lat' dir='ltr'><strong>ostendit</strong></span> <span class='ocrx_word' id='word_1_293' title='bbox 435 3100 582 3187; x_wconf 78' lang='lat' dir='ltr'><strong>quaedam</strong></span> <span class='ocrx_word' id='word_1_294' title='bbox 597 3100 736 3165; x_wconf 79' lang='lat' dir='ltr'><strong>barlovii</strong></span> <span class='ocrx_word' id='word_1_295' title='bbox 755 3100 892 3186; x_wconf 87' lang='lat' dir='ltr'><strong>epistola</strong></span> <span class='ocrx_word' id='word_1_296' title='bbox 904 3099 1047 3185; x_wconf 89' lang='lat' dir='ltr'><strong>episcopi</strong></span> <span class='ocrx_word' id='word_1_297' title='bbox 1066 3101 1196 3169; x_wconf 89' lang='lat' dir='ltr'><strong>Lincol·</strong></span> 
     </span>
     <span class='ocr_line' id='line_1_36' title="bbox 161 3184 1193 3271; baseline 0 -20"><span class='ocrx_word' id='word_1_298' title='bbox 161 3184 279 3251; x_wconf 86' lang='lat' dir='ltr'><strong>niensis</strong></span> <span class='ocrx_word' id='word_1_299' title='bbox 297 3185 337 3250; x_wconf 89' lang='lat' dir='ltr'><strong>ad</strong></span> <span class='ocrx_word' id='word_1_300' title='bbox 360 3184 541 3266; x_wconf 79' lang='lat' dir='ltr'><strong>Ueserium,</strong></span> <span class='ocrx_word' id='word_1_301' title='bbox 564 3186 662 3271; x_wconf 82' lang='lat' dir='ltr'><strong>(Epp.</strong></span> <span class='ocrx_word' id='word_1_302' title='bbox 690 3185 846 3265; x_wconf 72' lang='lat' dir='ltr'><strong>[bserion.</strong></span> <span class='ocrx_word' id='word_1_303' title='bbox 869 3185 981 3249; x_wconf 84' lang='lat' dir='ltr'><strong>ccxxii.</strong></span> <span class='ocrx_word' id='word_1_304' title='bbox 1000 3184 1040 3249; x_wconf 89' lang='lat' dir='ltr'><strong>ad</strong></span> <span class='ocrx_word' id='word_1_305' title='bbox 1060 3206 1093 3270; x_wconf 89' lang='lat' dir='ltr'><strong>p.</strong></span> <span class='ocrx_word' id='word_1_306' title='bbox 1108 3187 1193 3270; x_wconf 70' lang='lat'><strong>519.)</strong></span> 
     </span>
     <span class='ocr_line' id='line_1_37' title="bbox 147 3269 1195 3359; baseline 0.002 -24"><span class='ocrx_word' id='word_1_307' title='bbox 147 3269 221 3336; x_wconf 85' lang='lat' dir='ltr'><strong>¹diu</strong></span> <span class='ocrx_word' id='word_1_308' title='bbox 239 3283 274 3336; x_wconf 88' lang='lat' dir='ltr'><strong>et</strong></span> <span class='ocrx_word' id='word_1_309' title='bbox 293 3291 490 3359; x_wconf 82' lang='lat' dir='ltr'><strong>magnopere</strong></span> <span class='ocrx_word' id='word_1_310' title='bbox 509 3271 657 3336; x_wconf 83' lang='lat' dir='ltr'><strong>torsierat</strong></span> <span class='ocrx_word' id='word_1_311' title='bbox 677 3270 831 3336; x_wconf 83' lang='lat' dir='ltr'><strong>eruditos.</strong></span> <span class='ocrx_word' id='word_1_312' title='bbox 864 3269 1056 3335; x_wconf 88' lang='lat' dir='ltr'><strong>Dodwellus</strong></span> <span class='ocrx_word' id='word_1_313' title='bbox 1074 3286 1195 3353; x_wconf 88' lang='lat' dir='ltr'><strong>autem,</strong></span> 
     </span>
     <span class='ocr_line' id='line_1_38' title="bbox 160 3355 1197 3445; baseline 0.004 -24"><span class='ocrx_word' id='word_1_314' title='bbox 160 3367 200 3421; x_wconf 86' lang='lat' dir='ltr'><strong>ut</strong></span> <span class='ocrx_word' id='word_1_315' title='bbox 208 3368 322 3421; x_wconf 84' lang='lat' dir='ltr'><strong>auctor</strong></span> <span class='ocrx_word' id='word_1_316' title='bbox 332 3370 381 3421; x_wconf 84' lang='lat' dir='ltr'><strong>est</strong></span> <span class='ocrx_word' id='word_1_317' title='bbox 393 3358 445 3421; x_wconf 85' lang='lat' dir='ltr'><strong>Fr.</strong></span> <span class='ocrx_word' id='word_1_318' title='bbox 453 3355 624 3444; x_wconf 87' lang='lat' dir='ltr'><strong>Brokesby</strong></span> <span class='ocrx_word' id='word_1_319' title='bbox 635 3357 667 3421; x_wconf 94' lang='lat' dir='ltr'><strong>in</strong></span> <span class='ocrx_word' id='word_1_320' title='bbox 682 3356 769 3422; x_wconf 85' lang='lat' dir='ltr'><strong>Hist.</strong></span> <span class='ocrx_word' id='word_1_321' title='bbox 781 3356 899 3441; x_wconf 86' lang='lat' dir='ltr'><strong>scripta</strong></span> <span class='ocrx_word' id='word_1_322' title='bbox 908 3355 1075 3421; x_wconf 70' lang='lat' dir='ltr'><strong>vernaculi</strong></span> <span class='ocrx_word' id='word_1_323' title='bbox 1085 3355 1197 3445; x_wconf 69' lang='lat' dir='ltr'><strong>lingui</strong></span> 
     </span>
     <span class='ocr_line' id='line_1_39' title="bbox 161 3440 1195 3529; baseline 0.001 -20"><span class='ocrx_word' id='word_1_324' title='bbox 161 3440 336 3529; x_wconf 77' lang='lat' dir='ltr'><strong>Regiminis</strong></span> <span class='ocrx_word' id='word_1_325' title='bbox 350 3440 503 3507; x_wconf 71' lang='lat' dir='ltr'><strong>Ecclesiae</strong></span> <span class='ocrx_word' id='word_1_326' title='bbox 519 3440 709 3521; x_wconf 83' lang='lat' dir='ltr'><strong>Primitiooe,</strong></span> <span class='ocrx_word' id='word_1_327' title='bbox 725 3442 892 3508; x_wconf 89' lang='lat' dir='ltr'><strong>Cenonem</strong></span> <span class='ocrx_word' id='word_1_328' title='bbox 908 3440 953 3506; x_wconf 88' lang='lat' dir='ltr'><strong>ita</strong></span> <span class='ocrx_word' id='word_1_329' title='bbox 968 3444 1195 3527; x_wconf 85' lang='lat' dir='ltr'><strong>exponendum</strong></span> 
     </span>
     <span class='ocr_line' id='line_1_40' title="bbox 161 3525 1196 3614; baseline 0.003 -21"><span class='ocrx_word' id='word_1_330' title='bbox 161 3525 267 3593; x_wconf 83' lang='lat' dir='ltr'><strong>duxit.</strong></span> <span class='ocrx_word' id='word_1_331' title='bbox 302 3534 325 3568; x_wconf 86' lang='lat'>“</span> <span class='ocrx_word' id='word_1_332' title='bbox 341 3526 555 3614; x_wconf 78' lang='lat' dir='ltr'><strong>Gioropiscopo</strong></span> <span class='ocrx_word' id='word_1_333' title='bbox 576 3550 636 3592; x_wconf 87' lang='lat' dir='ltr'><strong>non</strong></span> <span class='ocrx_word' id='word_1_334' title='bbox 659 3526 750 3592; x_wconf 82' lang='lat' dir='ltr'><strong>licere</strong></span> <span class='ocrx_word' id='word_1_335' title='bbox 767 3525 959 3614; x_wconf 80' lang='lat' dir='ltr'><strong>presbyteros</strong></span> <span class='ocrx_word' id='word_1_336' title='bbox 978 3537 1034 3592; x_wconf 82' lang='lat' dir='ltr'><strong>out</strong></span> <span class='ocrx_word' id='word_1_337' title='bbox 1054 3527 1196 3596; x_wconf 85' lang='lat' dir='ltr'><strong>diaconos</strong></span> 
     </span>
     <span class='ocr_line' id='line_1_41' title="bbox 160 3611 1197 3698; baseline 0.003 -22"><span class='ocrx_word' id='word_1_338' title='bbox 160 3616 186 3653; x_wconf 86' lang='lat'>“</span> <span class='ocrx_word' id='word_1_339' title='bbox 199 3612 353 3695; x_wconf 85' lang='lat' dir='ltr'><strong>ordinare,</strong></span> <span class='ocrx_word' id='word_1_340' title='bbox 374 3635 413 3678; x_wconf 82' lang='lat' dir='ltr'><strong>no</strong></span> <span class='ocrx_word' id='word_1_341' title='bbox 428 3613 519 3697; x_wconf 82' lang='lat' dir='ltr'><strong>presi</strong></span> <span class='ocrx_word' id='word_1_342' title='bbox 543 3623 621 3677; x_wconf 76' lang='lat' dir='ltr'><strong>toros</strong></span> <span class='ocrx_word' id='word_1_343' title='bbox 642 3612 766 3698; x_wconf 81' lang='lat' dir='ltr'><strong>quidem</strong></span> <span class='ocrx_word' id='word_1_344' title='bbox 785 3611 869 3676; x_wconf 77' lang='lat' dir='ltr'><strong>urbis</strong></span> <span class='ocrx_word' id='word_1_345' title='bbox 892 3612 939 3697; x_wconf 84' lang='lat' dir='ltr'><strong>(h.</strong></span> <span class='ocrx_word' id='word_1_346' title='bbox 953 3634 983 3679; x_wconf 92' lang='lat' dir='ltr'><strong>e.</strong></span> <span class='ocrx_word' id='word_1_347' title='bbox 1004 3613 1197 3694; x_wconf 74' lang='grc' dir='ltr'><strong>κωμοπόλεις,</strong></span> 
     </span>
     <span class='ocr_line' id='line_1_42' title="bbox 159 3635 1197 3847; baseline 0.003 -84"><span class='ocrx_word' id='word_1_348' title='bbox 159 3702 184 3739; x_wconf 79' lang='grc'><strong>“</strong></span> <span class='ocrx_word' id='word_1_349' title='bbox 199 3697 312 3847; x_wconf 62' lang='lat' dir='ltr'><strong>pppidi</strong></span> <span class='ocrx_word' id='word_1_350' title='bbox 331 3696 380 3763; x_wconf 89' lang='lat' dir='ltr'><strong>vel</strong></span> <span class='ocrx_word' id='word_1_351' title='bbox 398 3699 487 3764; x_wconf 84' lang='lat' dir='ltr'><strong>urbis</strong></span> <span class='ocrx_word' id='word_1_352' title='bbox 506 3635 560 3762; x_wconf 75' lang='lat' dir='ltr'><strong>aiii</strong></span> <span class='ocrx_word' id='word_1_353' title='bbox 582 3697 732 3776; x_wconf 69' lang='lat' dir='ltr'><strong>subditae,</strong></span> <span class='ocrx_word' id='word_1_354' title='bbox 747 3719 856 3763; x_wconf 88' lang='lat' dir='ltr'><strong>vocem</strong></span> <span class='ocrx_word' id='word_1_355' title='bbox 873 3698 972 3763; x_wconf 87' lang='lat' dir='ltr'><strong>habes</strong></span> <span class='ocrx_word' id='word_1_356' title='bbox 991 3698 1023 3762; x_wconf 91' lang='lat' dir='ltr'><strong>in</strong></span> <span class='ocrx_word' id='word_1_357' title='bbox 1041 3700 1074 3763; x_wconf 92' lang='lat' dir='ltr'><strong>S.</strong></span> <span class='ocrx_word' id='word_1_358' title='bbox 1090 3700 1197 3766; x_wconf 86' lang='lat' dir='ltr'><strong>Marci</strong></span> 
     </span>
     <span class='ocr_line' id='line_1_43' title="bbox 160 3782 1193 3873; baseline 0 -24"><span class='ocrx_word' id='word_1_359' title='bbox 160 3788 186 3824; x_wconf 89' lang='lat'>“</span> <span class='ocrx_word' id='word_1_360' title='bbox 233 3805 327 3873; x_wconf 80' lang='lat' dir='ltr'><strong>cong.</strong></span> <span class='ocrx_word' id='word_1_361' title='bbox 343 3783 367 3848; x_wconf 89' lang='lat' dir='ltr'><strong>i.</strong></span> <span class='ocrx_word' id='word_1_362' title='bbox 377 3784 444 3866; x_wconf 79' lang='grc'><strong>38.)</strong></span> <span class='ocrx_word' id='word_1_363' title='bbox 462 3782 497 3848; x_wconf 87' lang='lat' dir='ltr'><strong>in</strong></span> <span class='ocrx_word' id='word_1_364' title='bbox 510 3782 614 3849; x_wconf 83' lang='lat' dir='ltr'><strong>alieno</strong></span> <span class='ocrx_word' id='word_1_365' title='bbox 628 3782 745 3848; x_wconf 83' lang='lat' dir='ltr'><strong>ditione</strong></span> <span class='ocrx_word' id='word_1_366' title='bbox 758 3782 804 3868; x_wconf 92' lang='lat' dir='ltr'><strong>(h.</strong></span> <span class='ocrx_word' id='word_1_367' title='bbox 816 3804 846 3848; x_wconf 90' lang='lat' dir='ltr'><strong>e.</strong></span> <span class='ocrx_word' id='word_1_368' title='bbox 862 3783 943 3848; x_wconf 76' lang='lat' dir='ltr'><strong>alitis</strong></span> <span class='ocrx_word' id='word_1_369' title='bbox 959 3783 1146 3870; x_wconf 86' lang='lat' dir='ltr'><strong>chorepisco</strong></span> <span class='ocrx_word' id='word_1_370' title='bbox 1168 3787 1193 3868; x_wconf 89' lang='lat' dir='ltr'><strong>i)</strong></span> 
     </span>
    </p>

    <p class='ocr_par' dir='ltr' id='par_1_8' title="bbox 160 3867 1198 4189">
     <span class='ocr_line' id='line_1_44' title="bbox 160 3867 1149 3969; baseline 0.001 -37"><span class='ocrx_word' id='word_1_371' title='bbox 160 3873 187 3909; x_wconf 86' lang='lat'><strong><em>“</em></strong></span> <span class='ocrx_word' id='word_1_372' title='bbox 199 3867 267 3933; x_wconf 79' lang='lat' dir='ltr'><strong>sine</strong></span> <span class='ocrx_word' id='word_1_373' title='bbox 287 3869 377 3934; x_wconf 84' lang='lat' dir='ltr'><strong>venio</strong></span> <span class='ocrx_word' id='word_1_374' title='bbox 398 3867 532 3969; x_wconf 84' lang='lat' dir='ltr'><strong>episcopi</strong></span> <span class='ocrx_word' id='word_1_375' title='bbox 549 3869 596 3953; x_wconf 84' lang='lat' dir='ltr'><strong>(h.</strong></span> <span class='ocrx_word' id='word_1_376' title='bbox 609 3890 671 3934; x_wconf 78' lang='lat' dir='ltr'><strong>ee</strong></span> <span class='ocrx_word' id='word_1_377' title='bbox 695 3869 795 3955; x_wconf 92' lang='lat' dir='ltr'><strong>iscopi</strong></span> <span class='ocrx_word' id='word_1_378' title='bbox 816 3869 903 3933; x_wconf 88' lang='lat' dir='ltr'><strong>urbis</strong></span> <span class='ocrx_word' id='word_1_379' title='bbox 922 3868 964 3934; x_wconf 89' lang='lat' dir='ltr'><strong>ad</strong></span> <span class='ocrx_word' id='word_1_380' title='bbox 982 3890 1079 3955; x_wconf 86' lang='lat' dir='ltr'><strong>quam</strong></span> <span class='ocrx_word' id='word_1_381' title='bbox 1097 3890 1149 3933; x_wconf 84' lang='lat' dir='ltr'><strong>arn</strong></span> 
     </span>
     <span class='ocr_line' id='line_1_45' title="bbox 161 3890 1197 4042; baseline 0.004 -24"><span class='ocrx_word' id='word_1_382' title='bbox 161 3952 422 4042; x_wconf 81' lang='lat' dir='ltr'><strong>“chorepiscopi</strong></span> <span class='ocrx_word' id='word_1_383' title='bbox 442 3953 656 4040; x_wconf 89' lang='lat' dir='ltr'><strong>pertinebant)</strong></span> <span class='ocrx_word' id='word_1_384' title='bbox 672 3890 775 4019; x_wconf 70' lang='lat' dir='ltr'><strong>iiteris</strong></span> <span class='ocrx_word' id='word_1_385' title='bbox 793 3957 858 4042; x_wconf 77' lang='lat' dir='ltr'><strong>ejru</strong></span> <span class='ocrx_word' id='word_1_386' title='bbox 879 3953 1026 4019; x_wconf 81' lang='lat' dir='ltr'><strong>testato.’&#39;</strong></span> <span class='ocrx_word' id='word_1_387' title='bbox 1047 3974 1118 4040; x_wconf 80' lang='lat' dir='ltr'><strong>cap.</strong></span> <span class='ocrx_word' id='word_1_388' title='bbox 1129 3955 1197 4022; x_wconf 86' lang='lat' dir='ltr'><strong>xiii.</strong></span> 
     </span>
     <span class='ocr_line' id='line_1_46' title="bbox 161 4038 1198 4189; baseline 0.006 -85"><span class='ocrx_word' id='word_1_389' title='bbox 161 4058 196 4127; x_wconf 87' lang='lat' dir='ltr'><strong>p.</strong></span> <span class='ocrx_word' id='word_1_390' title='bbox 207 4052 277 4107; x_wconf 78' lang='lat'><strong>200.</strong></span> <span class='ocrx_word' id='word_1_391' title='bbox 322 4038 405 4108; x_wconf 83' lang='lat' dir='ltr'><strong>Haec</strong></span> <span class='ocrx_word' id='word_1_392' title='bbox 418 4039 621 4127; x_wconf 81' lang='lat' dir='ltr'><strong>excogitavit,</strong></span> <span class='ocrx_word' id='word_1_393' title='bbox 637 4051 719 4189; x_wconf 58' lang='lat' dir='ltr'><strong>repre</strong></span> <span class='ocrx_word' id='word_1_394' title='bbox 733 4039 839 4107; x_wconf 86' lang='lat' dir='ltr'><strong>amico</strong></span> <span class='ocrx_word' id='word_1_395' title='bbox 858 4039 930 4128; x_wconf 86' lang='lat' dir='ltr'><strong>ejus</strong></span> <span class='ocrx_word' id='word_1_396' title='bbox 952 4038 1121 4107; x_wconf 78' lang='lat' dir='ltr'><strong>Francisoo</strong></span> <span class='ocrx_word' id='word_1_397' title='bbox 1140 4039 1198 4109; x_wconf 87' lang='lat' dir='ltr'><strong>ilio</strong></span> 
     </span>
    </p>

    <p class='ocr_par' dir='ltr' id='par_1_9' title="bbox 636 4137 714 4191">
     <span class='ocr_line' id='line_1_47' title="bbox 636 4137 714 4191; baseline 0 0"><span class='ocrx_word' id='word_1_398' title='bbox 636 4145 656 4191; x_wconf 74' lang='lat' dir='ltr'><em>F</em></span> <span class='ocrx_word' id='word_1_399' title='bbox 696 4137 714 4191; x_wconf 79' lang='lat'><strong><em>3</em></strong></span> 
     </span>
    </p>
   </div>
   <div class='ocr_carea' id='block_1_7' title="bbox 0 0 1348 4756">
    <p class='ocr_par' dir='ltr' id='par_1_10' title="bbox 0 0 1348 4756">
     <span class='ocr_line' id='line_1_48' title="bbox 0 0 1348 4756; baseline 0 0"><span class='ocrx_word' id='word_1_400' title='bbox 0 0 1348 4756; x_wconf 95' lang='lat' dir='ltr'><strong> </strong></span> 
     </span>
    </p>
   </div>
  </div>
 </body>
</html>
