2678 4756
184 280 268 387 “90
451 320 457 327 ·
492 292 770 382 simpuls-
796 292 1029 373 suess..-

222 486 256 555 ες
269 462 429 543 delictum,
445 486 483 529 ru
497 463 682 532 moriantur.
712 462 814 552 Quod
828 475 936 531 autem
952 461 1058 553 majus
1072 473 1269 552 potestesse

221 563 380 641 delictum
391 587 450 639 aut
461 595 535 661 que
547 573 676 642 macula
689 573 865 641 deformior
877 596 979 662 quam.
988 572 1140 647 adversus
1153 572 1269 651 Chris*

222 697 293 750 tum
310 683 555 770 stetisse,qusm
570 682 738 749 ecclesiam
753 682 835 771 ejus,
852 705 951 771 quam
965 682 1020 749 ille
1035 683 1194 770 sanguine
1208 705 1269 753 suo

222 791 345 880 parauit
366 806 400 858 et
420 790 575 871 condidit,
588 791 769 879 dissipasse,
787 814 885 879 quam
907 791 1099 878 evangelicae
1109 791 1211 879 -pacis
1229 811 1269 860 ae

222 900 404 967 dilectionis
427 900 565 967 oblitum
589 913 703 967 contra
720 901 905 968 unanimem
927 913 963 967 et
983 899 1181 968 concordem
1203 899 1294 973 Deis

222 1009 385 1099 populum
395 1010 522 1076 hostilis
538 1009 706 1076 discmdiae
722 1011 832 1076 furore
846 1011 1025 1098 pugnasse?
1049 1009 1119 1100 Qui
1131 1009 1194 1077 etsi
1206 1009 1268 1098 ipsi

221 1103 435 1208 postmodum
447 1119 489 1195 ad
506 1119 678 1188 ecclesiam
693 1119 840 1200 redeunt,
854 1117 1022 1184 restituere
1036 1131 1147 1185 tamen
1163 1139 1221 1185 eos
1235 1131 1270 1184 et

221 1251 334 1297 secum
357 1240 507 1305 revocare
532 1251 598 1294 non
619 1240 757 1316 possunt
779 1229 835 1316 qui
855 1230 897 1293 ab
919 1227 967 1297 eis.
987 1227 1113 1297 seducti
1134 1239 1175 1299 et¹
1191 1227 1271 1297 foris

222 1329 334 1431 morte:
350 1339 503 1424 praeventi
524 1351 617 1404 extra
636 1339 804 1405 ecclesiam
826 1338 894 1405 sine
918 1339 1214 1437 communicatione
1236 1351 1270 1407 et

220 1467 305 1535 pace
316 1449 499 1533 perierunt3
522 1469 662 1536 quorum
676 1446 793 1515 anima
806 1447 839 1512 in
859 1447 911 1513 die
926 1447 1043 1535 judicii
1061 1447 1104 1515 de
1121 1447 1270 1539 ipsorum
1280 1467 1313 1529 to

222 1557 374 1626 menibus
388 1571 578 1645 expetentur
591 1557 647 1647 qui
661 1557 852 1646 perditionis
866 1571 1014 1624 auctores
1027 1570 1061 1623 et
1074 1557 1175 1629 duces
1189 1558 1271 1625 exti-

219 1676 345 1748 terunt.
389 1670 432 1733 Et
451 1668 575 1739 idcirco
599 1671 676 1736 satis
697 1684 747 1736 est
767 1671 885 1738 talibus
899 1655 1269 1739 revertentibus-veniam

274 1775 306 1877 j}
346 1779 429 1842 Non
442 1782 549 1843 tamen
564 1778 661 1844 debet
675 1779 709 1844 in
725 1779 825 1846 domo
841 1779 913 1847 fidei
929 1779 1062 1866 pertidia
1073 1781 1271 1867 promoveri.

166 1922 172 1927 ·
218 1774 313 1991 gur
328 1887 406 1973 quid
424 1887 518 1952 bonis
532 1903 564 1953 et
579 1888 805 1956 innocentibus
821 1903 919 1976 atque
933 1889 974 1953 ab
988 1888 1124 1959 ecclesia
1137 1910 1205 1955 non
1219 1910 1268 1955 re·

218 1972 412 2070 ¹&dentibus
438 2019 645 2075 reservamus,
667 1998 693 2062 si
716 2020 772 2062 eos
796 1999 852 2084 qui
874 2020 893 2063 a
912 1996 1005 2061 nobis
1027 1997 1216 2067 recesserint
1236 2011 1308 2071 etto

219 2117 337 2172 contra
351 2107 520 2173 ecclesiam
535 2107 681 2175 steterint
695 2106 915 2172 honoramus?
947 2108 1030 2171 Haec
1045 2105 1086 2171 ad
1100 2109 1269 2180 conscien-

218 2218 302 2298 tiam
327 2234 433 2300 tuam,
452 2221 551 2285 frater
572 2220 746 2299 carissime,
767 2234 801 2287 et
823 2242 883 2305 pro
905 2220 1027 2285 honore
1049 2222 1219 2289 communi
1238 2233 1270 2295 et

180 2361 187 2375 r
223 2347 285 2416 pro
302 2328 445 2415 ¹simplici
468 2327 643 2394 dilectione
664 2329 1059 2415 pertulimus,.credentes
1084 2329 1185 2400 etiam
1211 2330 1270 2407 tibi

216 2461 285 2528 ‚pro
298 2439 463 2528 religionis
479 2453 544 2506 tuoe
560 2455 593 2506 et
609 2441 684 2506 fidei
697 2443 829 2506 veritate
843 2441 972 2527 placere.
982 2455 1104 2528 quae'et
1117 2440 1271 2527 religiose

222 2553 388 2641 pariter-et
400 2575 475 2620 vera
488 2568 575 2618 sunt.
620 2553 783 2619 Caeterum
807 2554 928 2622 scimus
941 2550 1099 2638 quosdam
1115 2550 1206 2638 quod
1222 2567 1309 2629 rte-to

225 2664 292 2729 mel
311 2663 499 2728 imbiberint
520 2663 606 2727 nolle
626 2663 788 2749 deponere
809 2685 868 2729 nec
889 2659 1095 2749 propositum
1110 2681 1209 2731 suum
1222 2661 1270 2735 fes

223 2773 287 2840 cile
308 2786 446 2853 mutare,
468 2772 525 2838 sed
547 2772 634 2838 salvo
656 2773 738 2837 inter
760 2773 903 2858 collegas
925 2771 1012 2857 pacis
1032 2783 1069 2834 et
1087 2770 1270 2841 concordie

224 2887 353 2953 vinculo
368 2886 517 2975 quaedam
538 2887 667 2975 propria
682 2910 755 2973 quae
775 2887 860 2973 apud
876 2885 1025 2952 sesemel
1041 2883 1104 2950 sint
1117 2895 1271 2972 usumin

225 2996 373 3062 retinere.
417 2998 491 3083 Qua
508 2995 541 3059 in
556 3018 592 3060 re
605 3017 664 3059 nec
679 3018 739 3060 nos
754 2997 817 3060 vim
834 2995 986 3082 cuiqnam
1001 2993 1139 3063 facimus
1153 3004 1211 3059 aut
1225 2993 1270 3067 le-

221 3129 303 3196 -gem
326 3108 454 3186 damus,
476 3108 607 3196 quando
629 3107 747 3172 habeat
771 3108 803 3171 in
827 3106 971 3171 ecciesiae
993 3101 1310 3181 administrationes}

225 3218 400 3284 uoluntatis
414 3240 482 3282 suae
496 3216 662 3283 arbitrium
676 3216 815 3281 liberum
830 3214 1051 3301 unusquisque
1061 3211 1271 3299 prepositus,

227 3325 384 3394 radonem
401 3340 491 3391 actus
507 3325 558 3391 sui
571 3324 718 3391 Domino
731 3324 928 3392 redditurus.
972 3323 1133 3409 Optamus
1147 3331 1196 3402 te,
1208 3321 1271 3387 fra·

220 3449 277 3502 ter
290 3438 464 3518 carissime,
479 3459 590 3525 sempe
608 3438 691 3502 bene
708 3437 821 3502 valere.
