2678 4756
135 229 138 233 ’
200 247 204 252 ’
285 258 983 350 ·..:;mcoucn1ncnmnncs
1039 290 1052 346 ι
1124 275 1191 370 sn

139 456 232 539 pere
249 464 364 520 tamen
385 451 710 543 lipsii-,successoris
733 451 901 537 Stephani,
924 472 1022 538 quem
1038 449 1195 517 donarant

145 535 317 625 panificum
339 539 527 603 sacerdotem
550 538 681 603 Pontius
705 534 861 623 Cypriani
883 537 1038 602 diaconus
1059 537 1092 600 in
1117 538 1152 602 V
1149 537 1197 602 ita
1219 607 1222 611 ,

142 623 302 708 magistri
315 623 366 688 sui
379 624 530 710 appellat,
550 636 584 687 et
598 622 692 771 cippus
706 622 898 710 martyrium
911 623 980 721 ipse
993 644 1196 687 commemo·

146 721 203 789 rat
219 708 409 794 inepistola
427 723 477 774 82.
498 709 542 773 al.
556 722 607 773 80.
655 707 820 795 yprianus,
832 707 909 790 ,lites
927 721 997 772 rstae
1015 709 1196 794 consopite

150 791 251 857 fuisse
265 794 423 858 videntur.
467 793 532 857 Sed
552 793 623 857 baec
644 792 811 857 hactenus.
857 790 997 857 Constat
1011 792 1123 879 utique
1137 815 1196 879 pa·

148 878 347 944 trooinatum
368 899 438 943 esse
456 878 629 964 praesulem
651 879 833 942 Romanum
855 878 952 941 veteri
975 877 1198 950 saltemoccie

149 961 330 1027 dentalium
340 963 581 1045 consuetudini,
605 984 669 1027 non
684 962 785 1026 modo
797 961 988 1042 traditionis,
1005 984 1103 1049 quam
1117 984 1196 1048 apo·

150 1047 300 1112 stolicam
315 1069 384 1112 esse
397 1047 545 1126 credidit,
559 1047 784 1113 conservanda
798 1068 906 1126 causa,
921 1047 978 1112 sed
993 1048 1091 1113 etiam
1104 1060 1196 1112 metu
1255 1106 1260 1125 ,

149 1131 374 1218 rebaptizandi
389 1154 445 1197 seu
465 1133 585 1197 frustra
604 1132 739 1198 iterandi
753 1132 962 1219 baptismum,
978 1155 1074 1219 quem
1090 1138 1114 1195 οἱ
1127 1133 1196 1214 ὁμό-

143 1234 245 1303 φρονος
258 1219 315 1282 Ste
338 1217 424 1282 hano
437 1240 533 1282 anum
545 1239 614 1282 esse
626 1218 755 1283 aiebant
770 1217 948 1282 secundum
960 1239 1065 1284 sacras
1075 1218 1195 1296 literas,

175 1301 242 1367 uod
268 1315 365 1366 reert
393 1302 423 1366 C
467 1303 575 1368 nanus
595 1303 628 1368 in
650 1302 798 1387 Epistola
824 1303 867 1366 od
893 1303 1055 1388 Quintum.
1081 1325 1114 1389 p.
1129 1309 1198 1371 126.

150 1324 272 1474 diique
286 1324 512 1452 nonnultiloci
528 1389 714 1454 ostendunt.
758 1388 806 1451 At
824 1388 948 1452 utinam
966 1387 1149 1474 Stephanus
1162 1388 1198 1453 in

151 1492 198 1550 re,
212 1486 252 1536 ut
264 1493 340 1538 cum
356 1473 543 1558 Augustino
558 1474 682 1559 loquar,
703 1495 723 1537 a
739 1486 809 1538 tota
824 1473 961 1538 ecelesia
975 1473 1120 1538 nondum
1141 1472 1198 1538 de·
1305 1482 1310 1489 ‘

149 1557 231 1635 cisa,
245 1556 392 1622 similiter
409 1572 506 1644 atque
527 1557 638 1623 eadem
660 1558 701 1623 de
720 1579 754 1622 re
775 1579 871 1644 agere
894 1581 1004 1624 secum
1028 1560 1140 1623 statuit
1161 1559 1195 1622 S.

150 1641 334 1730 Dionysius
350 1641 586 1709 Alexandrinus
600 1645 633 1708 in
648 1643 795 1729 epistola,
811 1666 908 1729 quam
922 1666 1018 1744 supra
1028 1644 1070 1708 ad
1080 1665 1113 1730 p.
1129 1655 1196 1718 173.

150 1727 378 1806 afferthellus,
401 1727 443 1793 ad
467 1728 688 1792 Philemonem
711 1730 893 1792 Romanum
913 1742 1041 1815 scripto,
1062 1750 1196 1815 magnas

144 1826 188 1878 et
200 1812 476 1900 frequentissimas
491 1813 642 1878 eeclesias
656 1817 693 1889 εἰς
707 1811 795 1900 ἴρινον]
811 1811 1117 1897 praevenientem
1131 1835 1196 1879 non

153 1897 371 1963 sustinuisset.

198 1985 234 2047 P.
248 1995 316 2059 107.
331 1982 356 2049 l.
364 1997 395 2047 2.
406 1983 544 2069 epistola
558 2005 632 2069 quae
647 1980 688 2048 ad
702 1981 914 2064 Jubaianum]
932 1982 1040 2046 Groeci
1054 2004 1113 2069 pro
1127 1983 1197 2069 epi·

152 2067 240 2140 stola
260 2067 528 2148 rotundarum,
550 2068 638 2137 illam
663 2068 704 2133 ad
720 2067 909 2134 ianuarium
933 2079 1196 2152 supposuere,-et

152 2153 309 2241 'tanqtum
330 2169 487 2224 canonem
512 2154 641 2219 concilii
663 2154 772 2240 hujus,
794 2175 866 2217 eam
888 2164 991 2215 totam
1015 2152 1198 2218 inserebant

151 2237 222 2303 auis
236 2238 414 2304 codicibus.
461 2241 511 2303 Ita
526 2239 650 2317 dicunt,
664 2238 826 2325 synodum
840 2237 924 2302 hanc
933 2235 1040 2300 πασῶν
1050 2245 1105 2301 τῶν
1115 2237 1198 2302 onvi-

153 2323 207 2389 δων
221 2323 437 2410 προγονεςίροιν,
452 2338 485 2388 et
499 2323 692 2389 celebratam
716 2325 759 2386 inl
780 2321 881 2387 Δεκίου
900 2321 1053 2401 βασιλέως.
1099 2324 1198 2387 Porro
1280 2375 1284 2381 ,

154 2408 321 2474 Nouatum
337 2409 561 2495 presbyterum
579 2409 774 2487 Romanum,
797 2407 989 2472 Novatianae
1004 2407 1116 2472 haeresi
1132 2407 1199 2473 ori-

151 2493 267 2594 ginem
280 2506 379 2581 atque
395 2515 514 2558 nomen
528 2493 663 2558 dedisse.
687 2495 738 2558 Ita
752 2514 892 2572 errorem
908 2493 1008 2558 errori
1018 2493 1197 2572 cumulant,

153 2590 239 2649 anter
254 2579 346 2658 alios,
357 2579 532 2644 Balsamon
546 2593 580 2643 et
596 2580 759 2657 Zonaras3
774 2592 807 2643 et
819 2578 950 2643 solenne
961 2591 1011 2642 est
1022 2578 1194 2644 Orientali·

151 2663 218 2729 bus
231 2665 299 2730 fere
314 2664 477 2742 universis,
492 2664 525 2728 in
538 2662 633 2729 rebus
650 2663 906 2729 Occidentalium
919 2661 1076 2762 perpetuo
1092 2663 1199 2729 hallu·

154 2748 266 2814 cinari.
281 2751 444 2815 Faenus.
466 2750 519 2814 De
531 2750 660 2814 nomine
695 2748 803 2813 uidem
816 2748 1035 2812 haeresiarchae
1050 2750 1197 2826 Romani,

155 2856 231 2899 nam
247 2835 414 2899 Novatum
428 2834 653 2920 presbyterum
669 2771 969 2919 ilanhaginiensem
986 2834 1093 2898 Graeci
1109 2835 1198 2899 haud

154 2919 359 3006 cogitabant,
381 2931 489 2984 utrum
511 2919 608 2984 fuerit
627 2920 780 2997 Νοοαοοοο,
798 2941 839 2982 an
861 2918 969 3004 potius
992 2918 1197 2999 lllovotinnns,

154 3003 279 3070 dictum
296 3025 392 3088 supra
405 3018 455 3066 est
469 3004 511 3068 ad
525 3005 559 3066 S.
577 3004 774 3069 Connsun
792 3003 952 3088 Epistolas
966 3024 999 3089 p.
1017 3019 1063 3080 19.
1088 3005 1198 3069 Caete·

154 3111 229 3155 rum
241 3089 379 3176 epistola
392 3088 449 3153 illa
460 3089 502 3153 ad
515 3089 702 3154 ianuarium
720 3088 762 3153 ad
778 3088 942 3152 Concu..
958 3108 994 3151 v.
1013 3089 1197 3155 Canaun-

157 3195 350 3239 otmansn
380 3173 529 3260 pertinet,
557 3197 641 3261 quae,
664 3196 739 3239 cum
770 3173 899 3237 nomine
925 3172 1053 3236 concilii
1080 3175 1198 3260 scripta

124 3294 127 3303 ·
155 3258 266 3336 fuerit,
282 3281 302 3323 a
316 3280 370 3324 me
384 3280 482 3344 supra
493 3259 591 3324 allata
605 3271 664 3323 est.

202 3344 287 3409 Ibid.
309 3345 332 3408 l.
348 3357 380 3408 4.
407 3344 603 3408 adversarios
628 3342 764 3428 Christi]
790 3341 929 3407 Addidit
955 3342 1146 3426 particulam
1168 3356 1199 3408 et

154 3441 233 3494 ante
247 3427 437 3493 adversarios
452 3451 490 3492 ex
504 3430 570 3493 suis
585 3429 721 3493 fortasse
739 3440 901 3514 sumptam
911 3426 1083 3506 ¹codicibus
1098 3429 1197 3492 Balu-

137 3514 240 3603 7aius,
259 3513 316 3580 sed
334 3525 465 3578 caeteros
485 3513 644 3591 editiones,
666 3513 892 3599 Augustinum,
917 3512 1129 3598 Graecumque
1144 3516 1198 3578 In-

154 3599 423 3682 terpretotionenr‚
438 3598 491 3663 hio
506 3599 637 3685 quidem
653 3600 758 3684 magis
772 3595 949 3683 sequendas
961 3609 1030 3662 esse
1045 3597 1132 3662 duxi.

202 3682 288 3748 Ibid.
311 3683 333 3747 l.
348 3696 380 3760 7.
404 3683 595 3767 christiani]
626 3685 764 3747 Zonarae
791 3682 957 3747 Scholium
985 3682 1026 3747 ad
1049 3684 1197 3749 Graecam
1306 3717 1317 3765 χ

107 3766 119 3775 ’
155 3767 297 3833 Consilii
311 3769 626 3854 interpretationem.
672 3768 763 3830 Adron
778 3768 828 3848 μὲν
845 3764 876 3830 ἓν
888 3773 918 3829 αἱ
932 3776 1041 3849 γνώμαν
1058 3777 1111 3831 τῶν
1126 3774 1200 3855 ivry]

155 3852 264 3939 σννόδφ
274 3854 361 3940 ταύτῃ
370 3852 556 3917 συνελθόντων
568 3852 700 3938 πατέρων
710 3857 749 3937 τῷ
759 3852 880 3937 μεγάλῳ
890 3857 1050 3938 Karpeia·
1072 3857 1142 3917 ἀλλ’
1152 3853 1200 3917 ὅτε

155 3937 203 4001 ’nl
213 3942 270 4013 τοῖς
282 3942 428 4026 αἶςετικοῑς
439 3940 594 4024 ἐκράτησαν
604 3944 707 4016 πᾶσιν,
719 3936 767 4002 ἔτι
779 3940 821 3999 ἐπὶ
834 3941 890 4010 τοῖς
899 3943 1094 4020 χνομοιτνκοῖς.
1117 3943 1199 4023 ἡγὰρ

155 4021 435 4111 θοντίςοιοῐκνμεννκὴ
447 4024 565 4100 σύνοδος,
575 4022 765 4108 (Augustini
772 4021 951 4106 plenariam
963 4021 1054 4101 illud,
1066 4038 1103 4087 ut
1114 4023 1198 4087 vide·-

158 4119 225 4186 νῦν,
235 4105 417 4181 {adiutoriis
429 4106 615 4189 concilium)
625 4110 659 4181 ὥς
670 4109 715 4186 ἤδη
723 4107 835 4194 εἴρηται,
844 4111 966 4185 trafstile
979 4133 1053 4180 τινας
1061 4115 1115 4170 τῶν
1123 4114 1198 4192 aipe-

1124 4384 1305 4464 ·*
