2678 4756
217 309 268 375 IN
288 307 322 373 S.
345 307 470 377 PETRI
493 305 633 380 ALEX:
652 302 947 378 FRAGMENTA·
1033 316 1094 391 35⁷,

63 481 235 568 ηςααμδν,
247 483 358 563 piabor
372 480 399 545 ii
413 480 435 567 ‘l
449 479 546 554 ἄλλοις
563 482 658 553 usecia
673 477 830 544 ἃνᾶπδουσιν
841 473 897 539 ἄνθ
914 474 1093 560 uxorium-

62 572 172 645 ταλῶν,
193 570 245 641 τὰς
269 570 301 629 ἐκ
326 573 380 631 τῶν
400 566 533 648 τυράννων
555 563 674 642 δηλόνοτι
699 562 854 636 κολάσας.»
890 500 969 625 ideo
991 560 1095 625 solent

64 650 188 736 culpari
201 652 350 717 assuetis
364 650 550 720 doctoribus
566 649 740 715 Christiani
754 646 1008 734 persecutoribus
1026 665 1095 708 sese

64 736 158 822 quasi
172 735 363 823 ingerentes,
374 736 509 816 etiamsi,
524 735 652 822 perinde
664 748 761 822 atque
776 733 821 798 illi
835 734 867 797 in
882 732 946 796 hoc
963 730 1095 797 Canone

63 822 321 900 commemorati,
338 822 500 889 victoriam
519 834 630 906 postea
649 832 879 907 reportassent3
899 837 994 903 pravo
1008 816 1100 881 enim'

64 904 180 972 ardore
192 906 316 977 inducti
330 907 383 972 isti
397 921 508 973 omnes
522 907 555 971 in
569 928 697 971 arenam
713 903 904 969 descendere
916 901 1095 980 audebant}

63 989 175 1078 itaque
188 993 289 1058 ferme
303 994 398 1080 gregi
410 1002 464 1058 τῶν
477 991 656 1074 probaturos
670 1013 689 1055 a
701 989 859 1055 veteribus
874 987 1087 1052 adnumerati.

110 1078 146 1141 P.
162 1091 233 1143 330.
254 1078 277 1144 l.
291 1097 322 1158 9.
343 1077 485 1164 ἄνθρακας
505 1076 696 1164 ἁμαρτωλῶν]
715 1075 808 1140 Editi
827 1073 955 1160 ἄνθρακα
976 1072 1096 1138 habent

64 1183 126 1249 pro
143 1161 296 1252 ἄνθρακας,
310 1164 373 1229 hoc
394 1179 514 1244 autern,
532 1162 765 1250 refragantibus
785 1160 862 1225 licet
880 1158 982 1224 MSS.
1001 1157 1095 1229 Bodl.

62 1269 105 1312 ex
119 1250 308 1336 Zonaraque
320 1264 354 1315 et
368 1250 560 1314 Balsamone
574 1248 738 1313 contextui
750 1245 890 1331 reposui.
933 1245 1096 1308 Caeterum

62 1331 100 1395 S.
116 1356 245 1423 quoque
266 1335 380 1400 Paulus
398 1335 430 1419 in
448 1337 511 1420 Ep.
527 1333 568 1398 cul
583 1335 670 1398 Rom.
682 1333 737 1397 xii.
748 1347 799 1396 20.
818 1331 929 1396 habito
950 1341 1097 1415 respectu

61 1417 106 1481 ad
128 1419 360 1485 Prouerliorum
381 1421 489 1486 locum
510 1441 582 1506 cap.
603 1442 674 1484 xxv.
696 1439 815 1482 eornm.
834 1430 884 1482 22.
903 1437 978 1481 cunr
1001 1437 1097 1478 sensu

62 1504 277 1571 molestiarum
291 1528 369 1570 voce
383 1505 524 1592 uiuiparos
537 1528 615 1571 usus
628 1519 688 1569 est.
984 1545 987 1549 ⁴
1090 1538 1093 1543 ·

110 1589 195 1656 lbid.
215 1589 265 1655 rire
279 1592 323 1677 δὴ]
338 1593 414 1656 Hoc
424 1613 483 1678 pro
495 1590 624 1679 uulgato
636 1589 685 1655 ἅτε
700 1591 727 1655 ii
742 1590 774 1654 in
788 1589 937 1655 omnibus
949 1587 1097 1653 codicibus

64 1674 249 1745 Bodlsiorris
262 1678 417 1762 scriptum
432 1678 548 1757 inveni,
560 1675 692 1765 perinde
705 1691 802 1763 atque
817 1677 848 1740 in
864 1675 960 1740 MSto
976 1673 1097 1739 Biblio-

64 1759 168 1826 tltecae
180 1761 381 1828 Coislirriauae
394 1783 566 1828 xxxvm.
581 1776 760 1827 numerato.
805 1759 1021 1825 Continentur
1035 1759 1098 1825 hoc

63 1846 181 1915 codice
195 1847 333 1927 Gallico,
348 1849 431 1914 inter
448 1850 532 1915 varia
550 1848 591 1913 ad
612 1847 749 1913 concilia
767 1845 981 1911 ecclesiastiea
999 1845 1098 1932 perti·
1213 1882 1216 1887 ·

64 1932 185 2012 nentia,
199 1931 232 1997 S.
245 1933 332 1998 Petri
350 1935 487 2003 &nunes
501 1945 625 1998 octavus
639 1943 670 1999 et
685 1954 791 2011 nouus,
806 1952 943 2019 quorum
960 1952 1098 2017 apogra-

65 2016 168 2103 phum
183 2018 216 2082 in
230 2041 325 2083 usum
341 2041 449 2084 meum
465 2019 589 2084 Parisiis
604 2019 645 2083 ab
659 2018 764 2083 amico
779 2030 999 2102 comparatum
1012 2029 1073 2081 est.

109 2103 194 2169 lbid.
208 2103 232 2169 l.
247 2117 295 2173 14.
320 2110 372 2180 τὰς
389 2104 535 2181 πολλάκις
554 2103 699 2192 γινομένας
719 2102 921 2190 ἀναχωρήσας]
947 2103 1000 2167 De
1019 2102 1054 2167 fu
1080 2124 1098 2166 a

64 2201 214 2276 tempore
221 2191 423 2261 vexationum
432 2191 520 2256 licita
528 2190 650 2256 erudite
659 2189 831 2276 agitloan.
841 2188 1010 2254 F0rbesius
1018 2123 1100 2252 inii·

64 2273 154 2339 bello
165 2275 217 2339 Dc
227 2277 313 2361 Cura
324 2287 355 2341 ct
367 2275 545 2343 Residcutiu
559 2274 717 2341 Pastorali
728 2295 821 2362 capp.
833 2279 964 2339 36-42.
992 2275 1099 2339 Immo

66 2359 199 2425 Petrusi
256 2375 446 2449 ,antequam
455 2382 514 2448 pro
526 2362 658 2427 Christo
670 2373 806 2426 mortem
817 2359 958 2440 obiisset,
970 2360 1011 2424 ab
1020 2359 1106 2424 urbe·

64 2443 192 2516 Alexan
230 2446 272 2526 'a,
281 2446 413 2534 perinde
421 2469 460 2513 ac
471 2468 607 2534 magnus
617 2447 672 2512 ille
683 2447 770 2511 Dion
794 2445 861 2511 sius
869 2443 959 2546 prius
971 2445 1100 2525 fecerat,

64 2530 111 2594 ob
125 2531 306 2597 saevientem
326 2533 580 2620 persecutionem
597 2533 693 2618 fugit,
707 2545 758 2596 tra
780 2544 853 2596 ente
868 2530 901 2596 rd
916 2532 1100 2597 Sozomeno

63 2613 156 2681 libi.
169 2617 257 2690 Hist.
272 2639 343 2705 cap.
357 2619 482 2706 penult.
496 2618 588 2684 cu‘us
602 2617 732 2705 quidem
748 2616 920 2684 narrationi
934 2616 1028 2682 fidem
1042 2616 1101 2682 ad·
1165 2637 1168 2645 ’
1186 2691 1188 2696 ,
1304 2621 1310 2627 ’

64 2699 149 2766 dunt
162 2702 306 2790 episcopi
317 2705 469 2792 AEgyptii
482 2705 515 2769 in
560 2703 678 2790 pistola
689 2726 746 2768 sua
757 2702 799 2769 ad
812 2700 990 2782 Meletium,
1003 2724 1100 2790 quam

63 2806 85 2851 a
96 2785 247 2873 Scipione
257 2790 382 2854 Maffeo
394 2790 534 2876 primurn
545 2789 664 2854 editam
678 2811 753 2853 mox
766 2789 919 2855 allaturus
934 2810 1017 2853 sum.
1041 2787 1104 2861 Sed

47 2869 201 2962 ,forsitan
214 2873 305 2953 dices,
322 2875 380 2959 (sic
398 2875 582 2954 Mel'etium,
598 2875 654 2961 qui
667 2873 883 2940 ordinationes
897 2872 1101 2939 Alexandria

64 2956 197 3037 fecerat,
214 2961 316 3024 sancti
336 2960 479 3047 episcopi
499 2961 706 3047 compellant)
728 2984 744 3024 e
767 2958 886 3025 rutilus
903 2959 1052 3046 gregibus.
1064 2982 1102 3025 uc

63 3040 223 3123 desolatis,
238 3060 367 3131 pastore
381 3066 445 3111 non
461 3046 666 3124 subsistente,
681 3045 723 3115 ad
738 2982 792 3109 loc
810 3044 945 3130 perverti.
976 3045 1030 3110 Sic
1046 3068 1100 3111 ve-

63 3140 119 3191 tus
136 3129 251 3199 Latina
270 3131 420 3217 epistolae¹
434 3131 491 3197 diu
511 3130 643 3218 perditae
657 3131 773 3196 Versio
789 3153 809 3195 a
824 3131 958 3209 Malieo,
972 3144 1009 3195 ut
1023 3130 1104 3210 dixi,

62 3210 164 3278 edita.
187 3214 297 3301 Atque
313 3216 463 3303 Origenis
478 3215 608 3282 monitis
620 3216 736 3281 similia
746 3229 832 3296 sunt,
845 3237 917 3303 quae
928 3215 1026 3302 jubet
1036 3215 1102 3283 hoe

62 3296 142 3363 loco
157 3300 288 3381 Petrus3
304 3302 461 3388 Origenes
476 3303 564 3368 enim
576 3302 633 3368 diu
643 3314 717 3367 ante
730 3301 852 3367 Christi
867 3316 1029 3388 praecepto
1044 3324 1101 3389 pa·
1117 3362 1121 3383 ,

62 3382 143 3448 riter
162 3383 255 3449 nixus
272 3387 453 3474 scripserat,
468 3386 520 3474 κᾷν
537 3386 623 3476 φεύγῃ
646 3386 674 3452 δέ
692 3415 734 3462 τις
752 3389 906 3476 χριςιανδς,
925 3387 968 3472 (iu
991 3387 1053 3472 uit)
1071 3391 1102 3453 oi

62 3467 111 3531 διαὶ
125 3469 228 3534 δειλίαν
242 3472 345 3556 φεύγει·
370 3477 450 3539 ἀλλὰ
463 3481 549 3559 τηρῶν
565 3476 673 3552 ἐντολὴν
687 3481 736 3537 τοῦ
751 3473 931 3551 διδασκάλου,
1006 3478 1102 3543 ἑαυτὸν

63 3553 205 3633 φυλάτδαν
231 3557 364 3645 καθαρόν·
399 3557 494 3643 ἑτέραν
522 3557 770 3641 ὥφεληδησομένων
796 3565 830 3646 τῇ
858 3563 941 3624 αὐτοῦ
968 3561 1105 3647 σωτηρίᾳ.

61 3636 124 3709 lib.
137 3639 200 3704 viii.
217 3641 334 3728 Contra
353 3641 475 3709 Celsum
490 3667 522 3710 n.
533 3657 584 3708 44.
599 3666 632 3730 p.
644 3657 714 3722 774.
728 3643 775 3708 ed.
789 3643 966 3710 Delaruau.
1003 3645 1055 3710 Ita
1068 3659 1102 3710 et

64 3723 245 3806 Ferreolus,
259 3740 404 3793 extremo
420 3729 550 3816 quidem
573 3728 693 3794 iaeculo
708 3730 814 3809 tertio,
829 3729 877 3794 vel
893 3730 1023 3796 ineunte
1038 3730 1103 3796 hoc

63 3823 182 3896 quarto
197 3826 331 3902 martyr,
346 3835 470 3880 memor
483 3838 594 3880 eorum
613 3837 686 3902 quae
700 3815 790 3902 jussa
804 3837 825 3880 a
840 3815 973 3881 Christo
990 3816 1031 3881 de
1050 3816 1102 3882 fu·

62 3892 185 3979 gienda
196 3899 418 3984 persecutione
431 3902 595 3978 fuerant,e
606 3899 754 3965 custodia
764 3900 890 3988 elapsus
901 3901 1027 3966 Vienna
1037 3901 1103 3966 dis·

64 3979 199 4045 cessisse
212 3981 340 4051 dicitur.
363 3987 447 4049 Acta
458 3986 601 4072 Martyr.
612 3984 759 4050 Ruiuart.
773 4007 805 4072 p.
816 3992 887 4052 463.
902 3986 952 4050 ed.
967 3986 1075 4051 Amst.
1093 3981 1097 3991 '

109 4063 146 4126 P.
159 4076 229 4128 331.
249 4068 272 4131 l.
288 4083 318 4133 2.
340 4073 407 4134 ἀλλ’
429 4069 584 4155 ἐξεδέξατο]
611 4069 708 4159 Vulgo
732 4071 854 4152 ἐδέξατο,
875 4070 931 4136 sed
952 4093 992 4136 ex
1014 4069 1099 4135 codd.

63 4147 204 4235 quiaque
223 4149 331 4217 locum
352 4155 489 4221 restitui.
529 4155 580 4220 Ita
591 4155 675 4222 infra
688 4155 730 4222 ad
745 4156 802 4224 lin.
812 4171 842 4223 3.
857 4177 934 4245 pag.
947 4169 1017 4225 ³32.
1033 4157 1105 4223 ἀλλ’·

62 4231 221 4320 hilgodus
235 4234 344 4319 habes,
540 4296 544 4305 s

84 4337 88 4345 ¹
545 4345 566 4392 Α
581 4339 627 4391 33
