2678 4756
402 248 454 330 s:
481 243 716 335 aurnuns,
1017 242 1085 352 303·

49 421 160 520 batur,
186 438 373 520 oportuerat
395 456 435 501 ex
458 435 580 523 populo
606 447 785 523 properare,
811 453 850 498 ac
873 453 934 499 nos
959 431 1086 522 exigere

52 545 182 612 merito.
226 530 292 613 'sed
305 548 448 614 sciebant
458 549 729 635 ¹seministrorum
746 571 811 614 non
826 570 895 614 esse
909 569 1041 635 egenos,
1054 560 1088 614 et

54 653 129 720 ideo
148 654 189 720 ad
209 656 269 721 hos
291 658 447 744 petendos
469 681 532 723 non
555 650 774 747 pervenerunt.
818 657 981 736 Sciebant,
999 656 1089 744 quod

54 775 224 831 monentes
239 789 297 832 eos
305 768 353 833 ab
367 766 646 855 liac'inquisitio'ne
664 771 730 852 (for.
748 765 789 832 ad
805 749 887 832 hanc
908 767 1089 855 inquisitio·

17 879 145 961 ηοω)
163 892 221 943 aut
235 878 488 952 diffluebamus,
503 892 560 944 aut
579 887 654 944 cum
674 879 763 944 omni
786 878 1029 964 scrupulositate
1051 876 1092 943 fi:

55 985 145 1066 ebat,
160 987 249 1074 quod
267 966 347 1052 utile
366 987 549 1069 videbatur3
573 987 669 1053 tiebat
690 989 775 1053 enim
795 988 855 1053 sub
876 1002 1043 1074 arguente,
1057 1001 1091 1055 et
1183 972 1186 979 ¹

55 1100 90 1166 iu
110 1091 259 1166 manibus
279 1102 438 1189 probitate
456 1081 631 1169 constituta
650 1087 880 1190 cogitabatur(
908 1103 960 1167 Tu
980 1101 1094 1167 autem¹

56 1221 127 1275 tam
150 1210 255 1276 viliter
280 1214 347 1296 (for.
372 1212 540 1296 inutiliter)
570 1211 782 1299 quorundam
802 1209 1005 1276 considerans
1034 1210 1092 1278 de·

57 1319 224 1406 ceptiones
244 1333 276 1386 et
294 1321 402 1386 inania
415 1322 520 1402 verba,
536 1323 705 1408 subreptus
724 1326 790 1404 (for.
807 1321 1031 1408 subrepticius)
1050 1319 1094 1387 ad

11 1428 481 1521 loordinationesprosiluisti.
526 1432 561 1496 Si
586 1426 670 1497 enim
696 1432 936 1521 adstringebant
956 1431 1094 1496 circum·

44 1532 182 1604 'stantes
195 1553 239 1620 te,
255 1552 288 1606 et
302 1543 552 1629 compellebant,
568 1543 752 1630 ignorantes
767 1543 911 1608 ordinem
926 1543 1095 1608 ecclesias·

58 1650 175 1730 ticum,
190 1663 377 1738 oportuerat
395 1666 427 1717 te
448 1665 634 1739 sequentem
655 1652 801 1739 regulam
821 1653 920 1717 literis
941 1675 999 1718 nos
1013 1652 1094 1717 edo·

59 1776 152 1839 cere,
171 1772 204 1824 et
229 1760 294 1840 ita,
310 1760 400 1849 quod
423 1762 572 1848 expedire
596 1761 763 1828 videbatur
788 1763 885 1830 fiebat
912 1765 978 1846 (for.
1003 1763 1097 1847 fieri).

61 1869 98 1933 Sl
109 1869 195 1934 forte
206 1869 336 1974 quidam
349 1866 586 1961 persuadebant
600 1872 659 1937 tibi
673 1873 825 1954 dicentes,
839 1874 879 1938 de
894 1875 986 1940 nobis
1002 1876 1102 1945 finem

14 1998 51 2051 tt
62 2002 133 2046 esse
148 1981 291 2062 lactum3
282 1983 397 2072 ·quod
411 2005 470 2048 nec
484 1984 566 2049 tibi
558 1983 618 2070 rpsi
634 1996 701 2047 erat
714 1983 875 2070 ignotum,
890 1985 978 2071 quod
993 1999 1102 2052 essent

62 2091 160 2160 multi
180 2105 292 2159 euntes
314 2109 348 2161 et
366 2095 536 2161 redeuntes
556 2094 597 2161 ad
619 2118 688 2176 nos,
709 2096 763 2183 qui
785 2110 933 2183 poterant
954 2098 1099 2185 visitare3

62 2196 125 2268 etsi
138 2203 204 2268 hoc
218 2205 343 2287 fuisset,
358 2209 528 2295 oportebat
542 2222 574 2273 te
590 2208 719 2296 majoris
738 2210 836 2295 patris
859 2224 1025 2297 expectare
1042 2211 1117 2300 ju·.·

64 2309 186 2379 dicium
204 2329 239 2380 et
258 2315 355 2404 hujus
375 2319 420 2383 rei
438 2310 691 2405 permissionem.
737 2320 800 2384 Sed
816 2320 931 2384 horum
948 2321 1028 2386 nihil
1041 2343 1106 2386 co·.

65 2422 186 2508 gitans,
204 2436 239 2489 et
259 2425 346 2491 aliud
368 2449 510 2513 sperans,
532 2428 635 2493 immo
657 2429 761 2514 magis
782 2430 882 2495 nostri
904 2453 1012 2495 curam
1035 2454 1102 2498 non

14 2555 57 2606 20
65 2553 195 2620 gerens,
209 2536 399 2621 prepositos
413 2538 571 2626 quosdam
592 2539 715 2631 populo
732 2540 916 2626 providisti3
940 2543 1014 2606 naui
1029 2543 1101 2632 jam

66 2647 278 2733 cognovimus
300 2662 334 2714 et
358 2650 530 2716 chrismata
555 2654 622 2738 (for.
647 2651 830 2731 schismata,
855 2655 968 2739 Maffei)
991 2653 1101 2735 fuisse,

68 2759 158 2850 quod
173 2762 284 2828 multis
298 2777 354 2829 tua
367 2764 529 2850 displicuit
544 2764 772 2830 inrationabilis
786 2756 957 2845 ordinatio.

111 2869 240 2936 Adhaec
264 2894 325 2938 nec
349 2873 525 2939 beatissimi
549 2875 718 2960 provisoris
740 2888 773 2939 et
796 2873 902 2939 induti
924 2873 1106 2956 Christum,

69 2981 216 3048 omnium
231 2996 377 3049 nostrum
392 2982 543 3069 apostoli,
560 2982 649 3047 Pauli
662 2984 793 3047 verbum
815 2983 915 3047 suasit
928 2984 1057 3062 morari,
1070 2997 1124 3051 et.

12 3108 57 3169 ‚25
69 3091 273 3177 propositum
287 3092 381 3159 facile
396 3091 569 3170 continere,
581 3090 636 3178 qui
652 3090 791 3155 scribens
806 3089 1027 3175 acceptissimo
1038 3090 1105 3156 filio

68 3200 245 3267 Timotheo
260 3201 350 3288 dicit,
364 3200 505 3266 tatanus
523 3199 639 3265 nemini
658 3198 717 3263 cito
741 3196 930 3283 imposueris,
949 3219 1004 3262 nec
1022 3219 1111 3263 cont··
1186 3265 1189 3272 ,

69 3310 275 3377 manuaceris
290 3312 426 3398 peccatis
446 3311 557 3376 aliems
564 3337 579 3390 ,·
602 3311 720 3398 pariter
739 3329 925 3394 suam‘erga
938 3307 1030 3374 illum
1045 3309 1109 3376 de·

69 3432 252 3507 monstrans
284 3419 516 3507 providentiam
546 3433 580 3485 et
609 3420 791 3507 exemplum
824 3440 862 3484 ac
891 3418 1012 3506 legem,
1043 3440 1124 3506 qua:

70 3551 147 3595 cum
169 3529 259 3596 omni
278 3530 525 3618 scrupulositate
544 3543 578 3595 et
598 3529 723 3599 cautela
740 3529 900 3617 eligantur
915 3528 1112 3601 ordinando..:

16 3637 256 3728 soAdnuntias
273 3642 340 3724 (for.
356 3639 533 3705 ordinandi.
556 3639 808 3719 Adnuntiamus,
823 3640 936 3722 Maffei)
952 3638 1113 3726 imposte·-

70 3769 146 3845 rum
161 3747 232 3830 tibi,
246 3759 284 3815 ut
305 3748 434 3836 regulae·
447 3761 556 3815 tutum
573 3762 607 3813 et
626 3747 786 3817 salubrem
802 3750 975 3817 terminum
990 3747 1112 3850 contir-
1229 3786 1237 3795 „

70 3879 162 3927 mare
177 3857 335 3927 studetur.
354 3861 422 3944 (for.
436 3858 575 3938 studeas,
587 3858 712 3940 Maffei.)

281 4012 385 4058 sture
404 4011 602 4058 sarsronrs
621 4010 902 4058 arrscoroauns.

496 4204 506 4237 f
522 4205 694 4258 mimam.
