<?xml version="1.0" encoding="UTF-8"?>
<!DOCTYPE html PUBLIC "-//W3C//DTD XHTML 1.0 Transitional//EN"
    "http://www.w3.org/TR/xhtml1/DTD/xhtml1-transitional.dtd">
<html xmlns="http://www.w3.org/1999/xhtml" xml:lang="en" lang="en">
 <head>
  <title>
</title>
<meta http-equiv="Content-Type" content="text/html;charset=utf-8" />
  <meta name='ocr-system' content='tesseract 3.04.00' />
  <meta name='ocr-capabilities' content='ocr_page ocr_carea ocr_par ocr_line ocrx_word'/>
</head>
<body>
  <div class='ocr_page' id='page_1' title='image "./reliquiaesacrae11routgoog_0122.png"; bbox 0 0 2678 4756; ppageno 0'>
   <div class='ocr_carea' id='block_1_1' title="bbox 284 267 1163 359">
    <p class='ocr_par' dir='ltr' id='par_1_1' title="bbox 284 267 1163 359">
     <span class='ocr_line' id='line_1_1' title="bbox 284 267 1163 359; baseline -0.002 -13"><span class='ocrx_word' id='word_1_1' title='bbox 284 274 901 346; x_wconf 66' lang='lat' dir='ltr'><strong>concl&#39;n.ca1tt&#39;nau.·v11</strong></span> <span class='ocrx_word' id='word_1_2' title='bbox 1071 282 1113 359; x_wconf 62' lang='lat'><strong>93</strong></span> <span class='ocrx_word' id='word_1_3' title='bbox 1160 267 1163 271; x_wconf 57' lang='grc'>’</span> 
     </span>
    </p>
   </div>
   <div class='ocr_carea' id='block_1_2' title="bbox 70 444 1205 860">
    <p class='ocr_par' dir='ltr' id='par_1_2' title="bbox 70 444 1115 536">
     <span class='ocr_line' id='line_1_2' title="bbox 70 444 1115 536; baseline -0.006 -22"><span class='ocrx_word' id='word_1_4' title='bbox 70 448 137 525; x_wconf 82' lang='lat' dir='ltr'><strong>zati</strong></span> <span class='ocrx_word' id='word_1_5' title='bbox 159 449 316 535; x_wconf 80' lang='lat' dir='ltr'><strong>inquinati</strong></span> <span class='ocrx_word' id='word_1_6' title='bbox 338 462 414 515; x_wconf 82' lang='lat' dir='ltr'><strong>eunt</strong></span> <span class='ocrx_word' id='word_1_7' title='bbox 434 448 541 536; x_wconf 87' lang='lat' dir='ltr'><strong>primo</strong></span> <span class='ocrx_word' id='word_1_8' title='bbox 562 447 694 536; x_wconf 85' lang='lat' dir='ltr'><strong>purgari</strong></span> <span class='ocrx_word' id='word_1_9' title='bbox 719 459 754 513; x_wconf 81' lang='lat' dir='ltr'><strong>et</strong></span> <span class='ocrx_word' id='word_1_10' title='bbox 776 459 854 513; x_wconf 88' lang='lat' dir='ltr'><strong>tunc</strong></span> <span class='ocrx_word' id='word_1_11' title='bbox 878 446 1011 511; x_wconf 88' lang='lat' dir='ltr'><strong>demum</strong></span> <span class='ocrx_word' id='word_1_12' title='bbox 1034 444 1115 531; x_wconf 71' lang='lat' dir='ltr'><strong>bap·</strong></span> 
     </span>
    </p>

    <p class='ocr_par' dir='ltr' id='par_1_3' title="bbox 70 545 1205 731">
     <span class='ocr_line' id='line_1_3' title="bbox 70 545 1205 625; baseline -0.006 0"><span class='ocrx_word' id='word_1_13' title='bbox 70 558 176 625; x_wconf 84' lang='lat' dir='ltr'><strong>tizari.</strong></span> <span class='ocrx_word' id='word_1_14' title='bbox 1201 545 1205 552; x_wconf 42' lang='lat'><strong>¹</strong></span> 
     </span>
     <span class='ocr_line' id='line_1_4' title="bbox 119 663 1115 731; baseline -0.004 0"><span class='ocrx_word' id='word_1_15' title='bbox 119 665 278 731; x_wconf 89' lang='lat' dir='ltr'><strong>Crescens</strong></span> <span class='ocrx_word' id='word_1_16' title='bbox 292 687 312 730; x_wconf 88' lang='lat' dir='ltr'><strong>a</strong></span> <span class='ocrx_word' id='word_1_17' title='bbox 329 665 420 730; x_wconf 88' lang='lat' dir='ltr'><strong>Cirta</strong></span> <span class='ocrx_word' id='word_1_18' title='bbox 435 664 526 730; x_wconf 82' lang='lat' dir='ltr'><strong>dixit.</strong></span> <span class='ocrx_word' id='word_1_19' title='bbox 562 667 602 729; x_wconf 90' lang='lat' dir='ltr'><strong>in</strong></span> <span class='ocrx_word' id='word_1_20' title='bbox 621 677 713 731; x_wconf 90' lang='lat' dir='ltr'><strong>tanto</strong></span> <span class='ocrx_word' id='word_1_21' title='bbox 734 677 823 731; x_wconf 83' lang='lat' dir='ltr'><strong>coetu</strong></span> <span class='ocrx_word' id='word_1_22' title='bbox 839 663 1115 730; x_wconf 84' lang='lat' dir='ltr'><strong>sanctissimorum</strong></span> 
     </span>
    </p>

    <p class='ocr_par' dir='ltr' id='par_1_4' title="bbox 72 769 1117 860">
     <span class='ocr_line' id='line_1_5' title="bbox 72 769 1117 860; baseline -0.003 -21"><span class='ocrx_word' id='word_1_23' title='bbox 72 774 343 840; x_wconf 79' lang='lat' dir='ltr'><strong>consacerdotum</strong></span> <span class='ocrx_word' id='word_1_24' title='bbox 366 773 459 839; x_wconf 91' lang='lat' dir='ltr'><strong>lectis</strong></span> <span class='ocrx_word' id='word_1_25' title='bbox 482 773 595 838; x_wconf 86' lang='lat' dir='ltr'><strong>litteris</strong></span> <span class='ocrx_word' id='word_1_26' title='bbox 618 772 772 860; x_wconf 85' lang='lat' dir='ltr'><strong>Cypriani</strong></span> <span class='ocrx_word' id='word_1_27' title='bbox 793 769 1117 838; x_wconf 83' lang='lat' dir='ltr'><strong>dilectissimi-nostri</strong></span> 
     </span>
    </p>
   </div>
   <div class='ocr_carea' id='block_1_3' title="bbox 42 864 1234 969">
    <p class='ocr_par' dir='ltr' id='par_1_5' title="bbox 42 864 1234 969">
     <span class='ocr_line' id='line_1_6' title="bbox 42 864 1234 969; baseline -0.01 -14"><span class='ocrx_word' id='word_1_28' title='bbox 42 883 119 955; x_wconf 72' lang='lat' dir='ltr'><strong>cad-</strong></span> <span class='ocrx_word' id='word_1_29' title='bbox 130 885 340 964; x_wconf 73' lang='lat' dir='ltr'><strong>Jubaianum,</strong></span> <span class='ocrx_word' id='word_1_30' title='bbox 356 868 500 969; x_wconf 71' lang='lat' dir='ltr'><strong>itemque</strong></span> <span class='ocrx_word' id='word_1_31' title='bbox 516 883 556 947; x_wconf 92' lang='lat' dir='ltr'><strong>ad</strong></span> <span class='ocrx_word' id='word_1_32' title='bbox 581 881 793 968; x_wconf 83' lang='lat' dir='ltr'><strong>Stephanum,</strong></span> <span class='ocrx_word' id='word_1_33' title='bbox 807 903 881 967; x_wconf 81' lang='lat' dir='ltr'><strong>quae</strong></span> <span class='ocrx_word' id='word_1_34' title='bbox 893 893 1020 945; x_wconf 89' lang='lat' dir='ltr'><strong>tantum</strong></span> <span class='ocrx_word' id='word_1_35' title='bbox 1035 880 1068 946; x_wconf 90' lang='lat' dir='ltr'><strong>in</strong></span> <span class='ocrx_word' id='word_1_36' title='bbox 1085 899 1119 944; x_wconf 84' lang='lat' dir='ltr'><strong>sc</strong></span> <span class='ocrx_word' id='word_1_37' title='bbox 1229 864 1234 869; x_wconf 45' lang='grc'><strong>’</strong></span> 
     </span>
    </p>
   </div>
   <div class='ocr_carea' id='block_1_4' title="bbox 21 989 1126 2381">
    <p class='ocr_par' dir='ltr' id='par_1_6' title="bbox 21 989 1126 2381">
     <span class='ocr_line' id='line_1_7' title="bbox 73 989 1120 1076; baseline -0.004 -18"><span class='ocrx_word' id='word_1_38' title='bbox 73 1007 261 1058; x_wconf 85' lang='lat' dir='ltr'><strong>sanctorum</strong></span> <span class='ocrx_word' id='word_1_39' title='bbox 294 992 556 1058; x_wconf 81' lang='lat' dir='ltr'>testimoniorum</span> <span class='ocrx_word' id='word_1_40' title='bbox 590 990 853 1056; x_wconf 79' lang='lat' dir='ltr'><strong>descendentium</strong></span> <span class='ocrx_word' id='word_1_41' title='bbox 879 1010 922 1055; x_wconf 84' lang='lat' dir='ltr'><strong>ex</strong></span> <span class='ocrx_word' id='word_1_42' title='bbox 953 989 1120 1076; x_wconf 80' lang='lat' dir='ltr'><strong>scripturis</strong></span> 
     </span>
     <span class='ocr_line' id='line_1_8' title="bbox 73 1099 1119 1189; baseline -0.005 -18"><span class='ocrx_word' id='word_1_43' title='bbox 73 1106 197 1173; x_wconf 85' lang='lat' dir='ltr'><strong>deificis</strong></span> <span class='ocrx_word' id='word_1_44' title='bbox 209 1107 377 1172; x_wconf 86' lang='lat' dir='ltr'><strong>continent</strong></span> <span class='ocrx_word' id='word_1_45' title='bbox 390 1121 428 1170; x_wconf 90' lang='lat' dir='ltr'><strong>ut</strong></span> <span class='ocrx_word' id='word_1_46' title='bbox 442 1106 559 1170; x_wconf 89' lang='lat' dir='ltr'><strong>merito</strong></span> <span class='ocrx_word' id='word_1_47' title='bbox 580 1125 701 1168; x_wconf 80' lang='lat' dir='ltr'><strong>orrrncs</strong></span> <span class='ocrx_word' id='word_1_48' title='bbox 711 1124 771 1189; x_wconf 88' lang='lat' dir='ltr'><strong>per</strong></span> <span class='ocrx_word' id='word_1_49' title='bbox 791 1101 856 1166; x_wconf 86' lang='lat' dir='ltr'><strong>Dei</strong></span> <span class='ocrx_word' id='word_1_50' title='bbox 875 1101 1014 1188; x_wconf 81' lang='lat' dir='ltr'>gratiam</span> <span class='ocrx_word' id='word_1_51' title='bbox 1032 1099 1119 1166; x_wconf 86' lang='lat' dir='ltr'><strong>adu-</strong></span> 
     </span>
     <span class='ocr_line' id='line_1_9' title="bbox 74 1211 1120 1293; baseline -0.004 -13"><span class='ocrx_word' id='word_1_52' title='bbox 74 1216 144 1280; x_wconf 82' lang='lat' dir='ltr'><strong>nati</strong></span> <span class='ocrx_word' id='word_1_53' title='bbox 170 1216 351 1281; x_wconf 86' lang='lat' dir='ltr'><strong>consentire</strong></span> <span class='ocrx_word' id='word_1_54' title='bbox 385 1216 570 1293; x_wconf 86' lang='lat' dir='ltr'><strong>debeamus,</strong></span> <span class='ocrx_word' id='word_1_55' title='bbox 605 1235 720 1277; x_wconf 90' lang='lat' dir='ltr'><strong>censeo</strong></span> <span class='ocrx_word' id='word_1_56' title='bbox 747 1232 859 1276; x_wconf 89' lang='lat' dir='ltr'><strong>omnes</strong></span> <span class='ocrx_word' id='word_1_57' title='bbox 887 1211 1057 1275; x_wconf 80' lang='lat' dir='ltr'><strong>haereticos</strong></span> <span class='ocrx_word' id='word_1_58' title='bbox 1082 1223 1120 1276; x_wconf 80' lang='lat' dir='ltr'><strong>et</strong></span> 
     </span>
     <span class='ocr_line' id='line_1_10' title="bbox 74 1320 1120 1411; baseline -0.004 -22"><span class='ocrx_word' id='word_1_59' title='bbox 74 1323 299 1390; x_wconf 85' lang='lat' dir='ltr'><strong>schismaticos</strong></span> <span class='ocrx_word' id='word_1_60' title='bbox 316 1325 381 1411; x_wconf 91' lang='lat' dir='ltr'><strong>qui·</strong></span> <span class='ocrx_word' id='word_1_61' title='bbox 392 1325 433 1390; x_wconf 91' lang='lat' dir='ltr'><strong>ad</strong></span> <span class='ocrx_word' id='word_1_62' title='bbox 448 1323 642 1390; x_wconf 90' lang='lat' dir='ltr'><strong>catholicam</strong></span> <span class='ocrx_word' id='word_1_63' title='bbox 657 1322 825 1388; x_wconf 85' lang='lat' dir='ltr'><strong>ecclesiam</strong></span> <span class='ocrx_word' id='word_1_64' title='bbox 841 1321 1000 1387; x_wconf 84' lang='lat' dir='ltr'><strong>voluerint</strong></span> <span class='ocrx_word' id='word_1_65' title='bbox 1013 1320 1120 1386; x_wconf 82' lang='lat' dir='ltr'><strong>venire</strong></span> 
     </span>
     <span class='ocr_line' id='line_1_11' title="bbox 21 1434 1122 1523; baseline -0.005 -20"><span class='ocrx_word' id='word_1_66' title='bbox 21 1449 233 1503; x_wconf 76' lang='lat' dir='ltr'><strong>noum-ante</strong></span> <span class='ocrx_word' id='word_1_67' title='bbox 253 1435 380 1523; x_wconf 84' lang='lat' dir='ltr'><strong>ingredi</strong></span> <span class='ocrx_word' id='word_1_68' title='bbox 399 1437 462 1502; x_wconf 92' lang='lat' dir='ltr'><strong>nisi</strong></span> <span class='ocrx_word' id='word_1_69' title='bbox 477 1436 653 1502; x_wconf 85' lang='lat' dir='ltr'><strong>exorcizati</strong></span> <span class='ocrx_word' id='word_1_70' title='bbox 668 1449 701 1502; x_wconf 90' lang='lat' dir='ltr'><strong>et</strong></span> <span class='ocrx_word' id='word_1_71' title='bbox 721 1434 879 1522; x_wconf 85' lang='lat' dir='ltr'><strong>baptizati</strong></span> <span class='ocrx_word' id='word_1_72' title='bbox 890 1435 978 1522; x_wconf 90' lang='lat' dir='ltr'><strong>prius</strong></span> <span class='ocrx_word' id='word_1_73' title='bbox 991 1434 1122 1514; x_wconf 88' lang='lat' dir='ltr'><strong>fuerint,</strong></span> 
     </span>
     <span class='ocr_line' id='line_1_12' title="bbox 75 1543 1122 1632; baseline 0.001 -24"><span class='ocrx_word' id='word_1_74' title='bbox 75 1543 220 1632; x_wconf 86' lang='lat' dir='ltr'><strong>exceptis</strong></span> <span class='ocrx_word' id='word_1_75' title='bbox 245 1543 295 1609; x_wconf 93' lang='lat' dir='ltr'><strong>his</strong></span> <span class='ocrx_word' id='word_1_76' title='bbox 323 1567 398 1610; x_wconf 89' lang='lat' dir='ltr'><strong>sane</strong></span> <span class='ocrx_word' id='word_1_77' title='bbox 424 1546 537 1632; x_wconf 84' lang='lat' dir='ltr'><strong>quiin</strong></span> <span class='ocrx_word' id='word_1_78' title='bbox 560 1544 695 1609; x_wconf 88' lang='lat' dir='ltr'><strong>ecclesia</strong></span> <span class='ocrx_word' id='word_1_79' title='bbox 720 1543 882 1609; x_wconf 85' lang='lat' dir='ltr'><strong>catholica</strong></span> <span class='ocrx_word' id='word_1_80' title='bbox 902 1544 1021 1609; x_wconf 86' lang='lat' dir='ltr'><strong>fuerint</strong></span> <span class='ocrx_word' id='word_1_81' title='bbox 1047 1549 1122 1609; x_wconf 74' lang='lat' dir='ltr'><strong>ante</strong></span> 
     </span>
     <span class='ocr_line' id='line_1_13' title="bbox 74 1652 1122 1741; baseline -0.003 -21"><span class='ocrx_word' id='word_1_82' title='bbox 74 1653 268 1741; x_wconf 82' lang='lat' dir='ltr'><strong>baptizati,</strong></span> <span class='ocrx_word' id='word_1_83' title='bbox 259 1664 306 1718; x_wconf 80' lang='lat' dir='ltr'><strong>sta</strong></span> <span class='ocrx_word' id='word_1_84' title='bbox 317 1666 426 1720; x_wconf 65' lang='lat' dir='ltr'><strong>nmen</strong></span> <span class='ocrx_word' id='word_1_85' title='bbox 447 1669 486 1720; x_wconf 88' lang='lat' dir='ltr'><strong>ut</strong></span> <span class='ocrx_word' id='word_1_86' title='bbox 502 1675 560 1740; x_wconf 90' lang='lat' dir='ltr'><strong>per</strong></span> <span class='ocrx_word' id='word_1_87' title='bbox 576 1675 692 1718; x_wconf 84' lang='lat' dir='ltr'><strong>manus</strong></span> <span class='ocrx_word' id='word_1_88' title='bbox 713 1652 954 1740; x_wconf 82' lang='lat' dir='ltr'><strong>impositionem</strong></span> <span class='ocrx_word' id='word_1_89' title='bbox 969 1654 1003 1718; x_wconf 92' lang='lat' dir='ltr'><strong>in</strong></span> <span class='ocrx_word' id='word_1_90' title='bbox 1017 1652 1122 1740; x_wconf 82' lang='lat' dir='ltr'><strong>poeni·</strong></span> 
     </span>
     <span class='ocr_line' id='line_1_14' title="bbox 74 1764 645 1830; baseline -0.005 0"><span class='ocrx_word' id='word_1_91' title='bbox 74 1765 213 1830; x_wconf 82' lang='lat' dir='ltr'><strong>tentiam</strong></span> <span class='ocrx_word' id='word_1_92' title='bbox 229 1764 373 1830; x_wconf 86' lang='lat' dir='ltr'><strong>ecclesiae</strong></span> <span class='ocrx_word' id='word_1_93' title='bbox 387 1764 645 1830; x_wconf 81' lang='lat' dir='ltr'><strong>reconcilientur.</strong></span> 
     </span>
     <span class='ocr_line' id='line_1_15' title="bbox 120 1871 1124 1960; baseline -0.001 -22"><span class='ocrx_word' id='word_1_94' title='bbox 120 1873 339 1939; x_wconf 84' lang='lat' dir='ltr'><strong>Nicomedes</strong></span> <span class='ocrx_word' id='word_1_95' title='bbox 335 1895 361 1938; x_wconf 85' lang='lat' dir='ltr'><strong>a</strong></span> <span class='ocrx_word' id='word_1_96' title='bbox 384 1873 547 1960; x_wconf 82' lang='lat' dir='ltr'><strong>Segermis</strong></span> <span class='ocrx_word' id='word_1_97' title='bbox 567 1872 661 1938; x_wconf 79' lang='lat' dir='ltr'><strong>dixit.</strong></span> <span class='ocrx_word' id='word_1_98' title='bbox 698 1873 778 1938; x_wconf 85' lang='lat' dir='ltr'><strong>Mea</strong></span> <span class='ocrx_word' id='word_1_99' title='bbox 797 1872 956 1937; x_wconf 85' lang='lat' dir='ltr'><strong>sententia</strong></span> <span class='ocrx_word' id='word_1_100' title='bbox 977 1871 1048 1936; x_wconf 73' lang='lat' dir='ltr'><strong>hac</strong></span> <span class='ocrx_word' id='word_1_101' title='bbox 1062 1883 1124 1950; x_wconf 80' lang='lat' dir='ltr'><strong>est,</strong></span> 
     </span>
     <span class='ocr_line' id='line_1_16' title="bbox 28 1977 1125 2154; baseline -0.006 -103"><span class='ocrx_word' id='word_1_102' title='bbox 28 1998 66 2052; x_wconf 71' lang='lat' dir='ltr'><strong>to</strong></span> <span class='ocrx_word' id='word_1_103' title='bbox 77 1991 126 2049; x_wconf 78' lang='lat' dir='ltr'><strong>ut&#39;</strong></span> <span class='ocrx_word' id='word_1_104' title='bbox 138 1982 283 2048; x_wconf 78' lang='lat' dir='ltr'><strong>haeretici</strong></span> <span class='ocrx_word' id='word_1_105' title='bbox 297 1982 347 2048; x_wconf 80' lang='lat' dir='ltr'><strong>ad</strong></span> <span class='ocrx_word' id='word_1_106' title='bbox 363 1983 537 2048; x_wconf 82' lang='lat' dir='ltr'><strong>ecclesiam</strong></span> <span class='ocrx_word' id='word_1_107' title='bbox 557 1981 952 2154; x_wconf 51' lang='lat' dir='ltr'><strong>venienteffaptizentur,</strong></span> <span class='ocrx_word' id='word_1_108' title='bbox 971 2001 1013 2044; x_wconf 91' lang='lat' dir='ltr'><strong>eo</strong></span> <span class='ocrx_word' id='word_1_109' title='bbox 1035 1977 1125 2066; x_wconf 86' lang='lat' dir='ltr'><strong>qnod</strong></span> 
     </span>
     <span class='ocr_line' id='line_1_17' title="bbox 77 2074 1125 2180; baseline -0.006 -22"><span class='ocrx_word' id='word_1_110' title='bbox 77 2091 202 2158; x_wconf 80' lang='lat' dir='ltr'><strong>nullam</strong></span> <span class='ocrx_word' id='word_1_111' title='bbox 230 2091 308 2157; x_wconf 84' lang='lat' dir='ltr'><strong>ioris</strong></span> <span class='ocrx_word' id='word_1_112' title='bbox 335 2091 423 2180; x_wconf 89' lang='lat' dir='ltr'><strong>apud</strong></span> <span class='ocrx_word' id='word_1_113' title='bbox 449 2101 637 2179; x_wconf 78' lang='lat' dir='ltr'><strong>peccatores</strong></span> <span class='ocrx_word' id='word_1_114' title='bbox 658 2111 700 2155; x_wconf 85' lang='lat' dir='ltr'><strong>re</strong></span> <span class='ocrx_word' id='word_1_115' title='bbox 747 2089 886 2154; x_wconf 81' lang='lat' dir='ltr'><strong>ssionem</strong></span> <span class='ocrx_word' id='word_1_116' title='bbox 915 2074 1125 2176; x_wconf 84' lang='lat' dir='ltr'><strong>peccatorum</strong></span> 
     </span>
     <span class='ocr_line' id='line_1_18' title="bbox 77 2212 1124 2288; baseline -0.006 -19"><span class='ocrx_word' id='word_1_117' title='bbox 77 2213 329 2288; x_wconf 78' lang='lat' dir='ltr'><strong>consequantur.</strong></span> <span class='ocrx_word' id='word_1_118' title='bbox 754 2215 756 2219; x_wconf 84' lang='grc'><em>·</em></span> <span class='ocrx_word' id='word_1_119' title='bbox 1120 2212 1124 2219; x_wconf 87' lang='grc'><strong>“</strong></span> 
     </span>
     <span class='ocr_line' id='line_1_19' title="bbox 109 2309 1126 2381; baseline 0.006 -6"><span class='ocrx_word' id='word_1_120' title='bbox 109 2309 308 2376; x_wconf 75' lang='lat' dir='ltr'><strong>³Munnulus</strong></span> <span class='ocrx_word' id='word_1_121' title='bbox 332 2332 353 2375; x_wconf 87' lang='lat' dir='ltr'><strong>a</strong></span> <span class='ocrx_word' id='word_1_122' title='bbox 376 2309 480 2376; x_wconf 81' lang='lat' dir='ltr'><strong>Girba</strong></span> <span class='ocrx_word' id='word_1_123' title='bbox 504 2310 595 2376; x_wconf 80' lang='lat' dir='ltr'><strong>dixit.</strong></span> <span class='ocrx_word' id='word_1_124' title='bbox 640 2309 794 2377; x_wconf 75' lang='lat' dir='ltr'><strong>Ecclesiae</strong></span> <span class='ocrx_word' id='word_1_125' title='bbox 810 2310 988 2378; x_wconf 81' lang='lat' dir='ltr'><strong>catholicae</strong></span> <span class='ocrx_word' id='word_1_126' title='bbox 1004 2312 1126 2381; x_wconf 52' lang='lat' dir='ltr'><strong>&#39;matris</strong></span> 
     </span>
    </p>
   </div>
   <div class='ocr_carea' id='block_1_5' title="bbox 79 2420 1227 2507">
    <p class='ocr_par' dir='ltr' id='par_1_7' title="bbox 79 2420 1227 2507">
     <span class='ocr_line' id='line_1_20' title="bbox 79 2420 1227 2507; baseline 0.007 -24"><span class='ocrx_word' id='word_1_127' title='bbox 79 2426 210 2490; x_wconf 72' lang='lat' dir='ltr'><strong>nostias</strong></span> <span class='ocrx_word' id='word_1_128' title='bbox 217 2420 343 2484; x_wconf 71' lang='lat' dir='ltr'><strong>venitm</strong></span> <span class='ocrx_word' id='word_1_129' title='bbox 345 2440 482 2507; x_wconf 86' lang='lat' dir='ltr'><strong>semper</strong></span> <span class='ocrx_word' id='word_1_130' title='bbox 478 2420 574 2507; x_wconf 79' lang='lat' dir='ltr'><strong>apud</strong></span> <span class='ocrx_word' id='word_1_131' title='bbox 589 2442 671 2501; x_wconf 88' lang='lat' dir='ltr'><strong>nos,·</strong></span> <span class='ocrx_word' id='word_1_132' title='bbox 669 2421 811 2502; x_wconf 83' lang='lat' dir='ltr'><strong>iratres,</strong></span> <span class='ocrx_word' id='word_1_133' title='bbox 815 2435 849 2488; x_wconf 87' lang='lat' dir='ltr'><strong>et</strong></span> <span class='ocrx_word' id='word_1_134' title='bbox 862 2424 980 2489; x_wconf 83' lang='lat' dir='ltr'><strong>mansit</strong></span> <span class='ocrx_word' id='word_1_135' title='bbox 1000 2437 1046 2491; x_wconf 90' lang='lat' dir='ltr'><strong>et</strong></span> <span class='ocrx_word' id='word_1_136' title='bbox 1052 2444 1126 2490; x_wconf 59' lang='lat' dir='ltr'><strong>mas</strong></span> <span class='ocrx_word' id='word_1_137' title='bbox 1223 2462 1227 2470; x_wconf 90' lang='lat'><strong>.</strong></span> 
     </span>
    </p>
   </div>
   <div class='ocr_carea' id='block_1_6' title="bbox 12 2527 1187 4042">
    <p class='ocr_par' dir='ltr' id='par_1_8' title="bbox 12 2527 1187 4042">
     <span class='ocr_line' id='line_1_21' title="bbox 27 2527 1127 2628; baseline 0.006 -36"><span class='ocrx_word' id='word_1_138' title='bbox 27 2538 149 2628; x_wconf 55' lang='grc' dir='ltr'><strong>πηοί,</strong></span> <span class='ocrx_word' id='word_1_139' title='bbox 162 2541 196 2592; x_wconf 83' lang='lat' dir='ltr'><strong>et</strong></span> <span class='ocrx_word' id='word_1_140' title='bbox 207 2527 258 2593; x_wconf 90' lang='lat' dir='ltr'><strong>vel</strong></span> <span class='ocrx_word' id='word_1_141' title='bbox 271 2529 410 2594; x_wconf 83' lang='lat' dir='ltr'><strong>maxime</strong></span> <span class='ocrx_word' id='word_1_142' title='bbox 422 2529 456 2594; x_wconf 94' lang='lat' dir='ltr'><strong>in</strong></span> <span class='ocrx_word' id='word_1_143' title='bbox 470 2528 674 2615; x_wconf 88' lang='lat' dir='ltr'><strong>baptismatis</strong></span> <span class='ocrx_word' id='word_1_144' title='bbox 687 2530 841 2610; x_wconf 80' lang='lat' dir='ltr'><strong>trinitate,</strong></span> <span class='ocrx_word' id='word_1_145' title='bbox 854 2531 1007 2609; x_wconf 80' lang='lat' dir='ltr'><strong>Domino</strong></span> <span class='ocrx_word' id='word_1_146' title='bbox 1013 2540 1127 2600; x_wconf 78' lang='lat' dir='ltr'><strong>nostrii</strong></span> 
     </span>
     <span class='ocr_line' id='line_1_22' title="bbox 80 2622 1126 2728; baseline 0.003 -24"><span class='ocrx_word' id='word_1_147' title='bbox 80 2622 229 2704; x_wconf 81' lang='lat' dir='ltr'><strong>dicente:</strong></span> <span class='ocrx_word' id='word_1_148' title='bbox 251 2634 320 2703; x_wconf 67' lang='lat' dir='ltr'><strong>‘Ite</strong></span> <span class='ocrx_word' id='word_1_149' title='bbox 334 2649 365 2703; x_wconf 84' lang='lat' dir='ltr'><strong>et</strong></span> <span class='ocrx_word' id='word_1_150' title='bbox 380 2636 542 2723; x_wconf 75' lang='lat' dir='ltr'><strong>baptizate</strong></span> <span class='ocrx_word' id='word_1_151' title='bbox 552 2647 662 2725; x_wconf 80' lang='lat' dir='ltr'><strong>gentes</strong></span> <span class='ocrx_word' id='word_1_152' title='bbox 676 2637 714 2702; x_wconf 81' lang='lat' dir='ltr'><strong>ia</strong></span> <span class='ocrx_word' id='word_1_153' title='bbox 719 2639 850 2704; x_wconf 80' lang='lat' dir='ltr'><strong>nomine</strong></span> <span class='ocrx_word' id='word_1_154' title='bbox 859 2640 970 2726; x_wconf 82' lang='lat' dir='ltr'><strong>putris</strong></span> <span class='ocrx_word' id='word_1_155' title='bbox 975 2652 1007 2706; x_wconf 83' lang='lat' dir='ltr'><strong>et</strong></span> <span class='ocrx_word' id='word_1_156' title='bbox 1008 2636 1082 2728; x_wconf 82' lang='lat' dir='ltr'><em>fi</em></span> <span class='ocrx_word' id='word_1_157' title='bbox 1059 2662 1083 2706; x_wconf 77' lang='lat' dir='ltr'><strong>rt</strong></span> <span class='ocrx_word' id='word_1_158' title='bbox 1095 2655 1126 2708; x_wconf 78' lang='lat' dir='ltr'><strong>et</strong></span> 
     </span>
     <span class='ocr_line' id='line_1_23' title="bbox 80 2746 1128 2835; baseline 0.007 -24"><span class='ocrx_word' id='word_1_159' title='bbox 80 2746 214 2834; x_wconf 69' lang='lat' dir='ltr'><strong>spiritus</strong></span> <span class='ocrx_word' id='word_1_160' title='bbox 232 2747 349 2813; x_wconf 80' lang='lat' dir='ltr'><strong>sancti.</strong></span> <span class='ocrx_word' id='word_1_161' title='bbox 394 2746 485 2812; x_wconf 89' lang='lat' dir='ltr'><strong>Cum</strong></span> <span class='ocrx_word' id='word_1_162' title='bbox 503 2768 582 2835; x_wconf 84' lang='lat' dir='ltr'><strong>ergo</strong></span> <span class='ocrx_word' id='word_1_163' title='bbox 599 2747 774 2814; x_wconf 84' lang='lat' dir='ltr'><strong>manifeste</strong></span> <span class='ocrx_word' id='word_1_164' title='bbox 795 2749 935 2815; x_wconf 82' lang='lat' dir='ltr'><strong>sciamus</strong></span> <span class='ocrx_word' id='word_1_165' title='bbox 948 2750 1128 2818; x_wconf 85' lang='lat' dir='ltr'><strong>haereticos</strong></span> 
     </span>
     <span class='ocr_line' id='line_1_24' title="bbox 12 2855 1128 2945; baseline 0.004 -23"><span class='ocrx_word' id='word_1_166' title='bbox 12 2890 16 2896; x_wconf 87' lang='lat'><strong>·</strong></span> <span class='ocrx_word' id='word_1_167' title='bbox 79 2872 150 2923; x_wconf 80' lang='lat' dir='ltr'><strong>non</strong></span> <span class='ocrx_word' id='word_1_168' title='bbox 162 2855 289 2922; x_wconf 87' lang='lat' dir='ltr'><strong>habere</strong></span> <span class='ocrx_word' id='word_1_169' title='bbox 311 2878 370 2923; x_wconf 88' lang='lat' dir='ltr'><strong>nec</strong></span> <span class='ocrx_word' id='word_1_170' title='bbox 392 2868 518 2943; x_wconf 87' lang='lat' dir='ltr'><strong>patrem</strong></span> <span class='ocrx_word' id='word_1_171' title='bbox 537 2878 596 2924; x_wconf 86' lang='lat' dir='ltr'><strong>nec</strong></span> <span class='ocrx_word' id='word_1_172' title='bbox 612 2856 712 2922; x_wconf 83' lang='lat' dir='ltr'><strong>filium</strong></span> <span class='ocrx_word' id='word_1_173' title='bbox 729 2880 789 2923; x_wconf 88' lang='lat' dir='ltr'><strong>nec</strong></span> <span class='ocrx_word' id='word_1_174' title='bbox 804 2859 952 2945; x_wconf 88' lang='lat' dir='ltr'><strong>spiritum</strong></span> <span class='ocrx_word' id='word_1_175' title='bbox 968 2873 1128 2940; x_wconf 85' lang='lat' dir='ltr'><strong>sanctum,</strong></span> 
     </span>
     <span class='ocr_line' id='line_1_25' title="bbox 81 2966 1128 3036; baseline 0.003 -3"><span class='ocrx_word' id='word_1_176' title='bbox 81 2966 205 3033; x_wconf 70' lang='lat' dir='ltr'><strong>debent</strong></span> <span class='ocrx_word' id='word_1_177' title='bbox 219 2967 388 3032; x_wconf 67' lang='lat' dir='ltr'><strong>&#39;venientes</strong></span> <span class='ocrx_word' id='word_1_178' title='bbox 408 2968 450 3032; x_wconf 83' lang='lat' dir='ltr'><strong>ad</strong></span> <span class='ocrx_word' id='word_1_179' title='bbox 471 2967 640 3032; x_wconf 86' lang='lat' dir='ltr'><strong>ecclesiam</strong></span> <span class='ocrx_word' id='word_1_180' title='bbox 658 2980 800 3033; x_wconf 86' lang='lat' dir='ltr'><strong>matrem</strong></span> <span class='ocrx_word' id='word_1_181' title='bbox 823 2983 966 3034; x_wconf 86' lang='lat' dir='ltr'><strong>nostram</strong></span> <span class='ocrx_word' id='word_1_182' title='bbox 976 2992 1055 3035; x_wconf 72' lang='lat' dir='ltr'><strong>nere</strong></span> <span class='ocrx_word' id='word_1_183' title='bbox 1077 2993 1128 3036; x_wconf 82' lang='lat' dir='ltr'><strong>rc·</strong></span> 
     </span>
     <span class='ocr_line' id='line_1_26' title="bbox 28 3077 1187 3165; baseline 0.004 -23"><span class='ocrx_word' id='word_1_184' title='bbox 28 3088 72 3149; x_wconf 60' lang='grc' dir='ltr'><strong><em>Μ</em></strong></span> <span class='ocrx_word' id='word_1_185' title='bbox 81 3077 174 3143; x_wconf 85' lang='lat' dir='ltr'><strong>nasci</strong></span> <span class='ocrx_word' id='word_1_186' title='bbox 184 3091 230 3142; x_wconf 66' lang='lat' dir='ltr'><strong>‘et</strong></span> <span class='ocrx_word' id='word_1_187' title='bbox 245 3077 422 3165; x_wconf 85' lang='lat' dir='ltr'><strong>baptizari,</strong></span> <span class='ocrx_word' id='word_1_188' title='bbox 437 3088 474 3142; x_wconf 91' lang='lat' dir='ltr'><strong>ut</strong></span> <span class='ocrx_word' id='word_1_189' title='bbox 488 3077 705 3164; x_wconf 87' lang='lat' dir='ltr'><strong>cancer·quod</strong></span> <span class='ocrx_word' id='word_1_190' title='bbox 721 3077 884 3143; x_wconf 88' lang='lat' dir='ltr'><strong>habebant</strong></span> <span class='ocrx_word' id='word_1_191' title='bbox 898 3095 931 3144; x_wconf 90' lang='lat' dir='ltr'><strong>et</strong></span> <span class='ocrx_word' id='word_1_192' title='bbox 946 3079 1129 3146; x_wconf 87' lang='lat' dir='ltr'><strong>damnatio·</strong></span> <span class='ocrx_word' id='word_1_193' title='bbox 1186 3142 1187 3147; x_wconf 73' lang='grc'>,</span> 
     </span>
     <span class='ocr_line' id='line_1_27' title="bbox 81 3181 1172 3272; baseline -0.005 -20"><span class='ocrx_word' id='word_1_194' title='bbox 81 3185 135 3252; x_wconf 83' lang='lat' dir='ltr'><strong>nis</strong></span> <span class='ocrx_word' id='word_1_195' title='bbox 159 3185 209 3252; x_wconf 85' lang='lat' dir='ltr'><strong>ira</strong></span> <span class='ocrx_word' id='word_1_196' title='bbox 226 3200 269 3252; x_wconf 85' lang='lat' dir='ltr'><strong>-ct</strong></span> <span class='ocrx_word' id='word_1_197' title='bbox 292 3186 407 3252; x_wconf 82' lang='lat' dir='ltr'><strong>enoris</strong></span> <span class='ocrx_word' id='word_1_198' title='bbox 427 3186 589 3252; x_wconf 82' lang='lat' dir='ltr'><strong>offectura</strong></span> <span class='ocrx_word' id='word_1_199' title='bbox 614 3207 679 3272; x_wconf 87' lang='lat' dir='ltr'><strong>per.</strong></span> <span class='ocrx_word' id='word_1_200' title='bbox 697 3197 845 3250; x_wconf 89' lang='lat' dir='ltr'><strong>sanctum</strong></span> <span class='ocrx_word' id='word_1_201' title='bbox 872 3200 907 3251; x_wconf 88' lang='lat' dir='ltr'><strong>et</strong></span> <span class='ocrx_word' id='word_1_202' title='bbox 932 3187 1059 3252; x_wconf 75' lang='lat' dir='ltr'><strong>caeleste</strong></span> <span class='ocrx_word' id='word_1_203' title='bbox 1081 3187 1132 3253; x_wconf 56' lang='lat' dir='ltr'><strong>iae</strong></span> <span class='ocrx_word' id='word_1_204' title='bbox 1169 3181 1172 3186; x_wconf 73' lang='grc'>’</span> 
     </span>
     <span class='ocr_line' id='line_1_28' title="bbox 82 3295 457 3363; baseline -0.011 0"><span class='ocrx_word' id='word_1_205' title='bbox 82 3309 218 3363; x_wconf 76' lang='lat' dir='ltr'><strong>vacrum</strong></span> <span class='ocrx_word' id='word_1_206' title='bbox 231 3295 457 3361; x_wconf 82' lang='lat' dir='ltr'><strong>sanctificetur.</strong></span> 
     </span>
     <span class='ocr_line' id='line_1_29' title="bbox 132 3400 1136 3474; baseline 0.001 -2"><span class='ocrx_word' id='word_1_207' title='bbox 132 3403 352 3472; x_wconf 76' lang='lat' dir='ltr'><strong>Secundinus‘</strong></span> <span class='ocrx_word' id='word_1_208' title='bbox 366 3403 533 3470; x_wconf 81' lang='lat' dir='ltr'><strong>aCedias</strong></span> <span class='ocrx_word' id='word_1_209' title='bbox 557 3403 654 3469; x_wconf 82' lang='lat' dir='ltr'><strong>dixit.</strong></span> <span class='ocrx_word' id='word_1_210' title='bbox 708 3400 798 3467; x_wconf 75' lang='lat' dir='ltr'><strong>&#39;Cum</strong></span> <span class='ocrx_word' id='word_1_211' title='bbox 830 3401 994 3468; x_wconf 90' lang='lat' dir='ltr'><strong>Dominus</strong></span> <span class='ocrx_word' id='word_1_212' title='bbox 1022 3419 1136 3474; x_wconf 56' lang='lat' dir='ltr'><strong>noster&gt;</strong></span> 
     </span>
     <span class='ocr_line' id='line_1_30' title="bbox 84 3511 1132 3600; baseline 0.002 -20"><span class='ocrx_word' id='word_1_213' title='bbox 84 3513 239 3580; x_wconf 77' lang='lat' dir='ltr'><strong>emistus</strong></span> <span class='ocrx_word' id='word_1_214' title='bbox 261 3513 472 3600; x_wconf 56' lang='lat' dir='ltr'><strong>dicansQaa&#39;</strong></span> <span class='ocrx_word' id='word_1_215' title='bbox 493 3535 555 3578; x_wconf 83' lang='lat' dir='ltr'><strong>non</strong></span> <span class='ocrx_word' id='word_1_216' title='bbox 575 3523 762 3578; x_wconf 71' lang='lat' dir='ltr'><strong>ostraceum</strong></span> <span class='ocrx_word' id='word_1_217' title='bbox 783 3511 999 3578; x_wconf 78' lang='lat' dir='ltr'><strong>adversus-me</strong></span> <span class='ocrx_word' id='word_1_218' title='bbox 1019 3527 1077 3595; x_wconf 84' lang='lat' dir='ltr'><strong>est,</strong></span> <span class='ocrx_word' id='word_1_219' title='bbox 1098 3518 1132 3583; x_wconf 82' lang='lat' dir='ltr'><strong>et&#39;</strong></span> 
     </span>
     <span class='ocr_line' id='line_1_31' title="bbox 32 3620 1143 3714; baseline 0.004 -24"><span class='ocrx_word' id='word_1_220' title='bbox 32 3620 251 3698; x_wconf 56' lang='lat' dir='ltr'><strong>fflicauues</strong></span> <span class='ocrx_word' id='word_1_221' title='bbox 264 3623 433 3714; x_wconf 82' lang='lat' dir='ltr'><strong>apostolus</strong></span> <span class='ocrx_word' id='word_1_222' title='bbox 447 3643 504 3689; x_wconf 88' lang='lat' dir='ltr'><strong>eos</strong></span> <span class='ocrx_word' id='word_1_223' title='bbox 519 3623 576 3710; x_wconf 93' lang='lat' dir='ltr'><strong>qui</strong></span> <span class='ocrx_word' id='word_1_224' title='bbox 586 3623 634 3688; x_wconf 85' lang='lat' dir='ltr'><strong>ab</strong></span> <span class='ocrx_word' id='word_1_225' title='bbox 648 3623 785 3689; x_wconf 86' lang='lat' dir='ltr'><strong>ecclesia</strong></span> <span class='ocrx_word' id='word_1_226' title='bbox 797 3638 915 3690; x_wconf 81' lang='lat' dir='ltr'><strong>exeunt</strong></span> <span class='ocrx_word' id='word_1_227' title='bbox 926 3627 1143 3695; x_wconf 81' lang='lat' dir='ltr'><strong>antichristos</strong></span> 
     </span>
     <span class='ocr_line' id='line_1_32' title="bbox 83 3726 1133 3822; baseline 0.005 -23"><span class='ocrx_word' id='word_1_228' title='bbox 83 3732 195 3815; x_wconf 76' lang='lat' dir='ltr'><strong>dicat,</strong></span> <span class='ocrx_word' id='word_1_229' title='bbox 198 3726 417 3801; x_wconf 83' lang='lat' dir='ltr'><strong>indubitanter</strong></span> <span class='ocrx_word' id='word_1_230' title='bbox 431 3732 552 3799; x_wconf 86' lang='lat' dir='ltr'><strong>hostes</strong></span> <span class='ocrx_word' id='word_1_231' title='bbox 555 3731 689 3813; x_wconf 88' lang='lat' dir='ltr'><strong>Christi,</strong></span> <span class='ocrx_word' id='word_1_232' title='bbox 701 3733 822 3822; x_wconf 48' lang='lat' dir='ltr'><strong>quipe</strong></span> <span class='ocrx_word' id='word_1_233' title='bbox 833 3734 1012 3802; x_wconf 85' lang='lat' dir='ltr'><strong>antichristi</strong></span> <span class='ocrx_word' id='word_1_234' title='bbox 1026 3736 1133 3805; x_wconf 57' lang='lat' dir='ltr'><strong>nomi?</strong></span> 
     </span>
     <span class='ocr_line' id='line_1_33' title="bbox 84 3843 1134 3938; baseline 0.003 -27"><span class='ocrx_word' id='word_1_235' title='bbox 84 3843 153 3911; x_wconf 79' lang='lat' dir='ltr'><strong>nati</strong></span> <span class='ocrx_word' id='word_1_236' title='bbox 167 3858 255 3926; x_wconf 76' lang='lat' dir='ltr'><strong>suist,</strong></span> <span class='ocrx_word' id='word_1_237' title='bbox 265 3845 407 3932; x_wconf 81' lang='lat' dir='ltr'><strong>gratiam</strong></span> <span class='ocrx_word' id='word_1_238' title='bbox 425 3843 588 3932; x_wconf 86' lang='lat' dir='ltr'><strong>baptismi</strong></span> <span class='ocrx_word' id='word_1_239' title='bbox 599 3843 747 3910; x_wconf 87' lang='lat' dir='ltr'><strong>salutaris</strong></span> <span class='ocrx_word' id='word_1_240' title='bbox 770 3846 950 3912; x_wconf 88' lang='lat' dir='ltr'><strong>ministrare</strong></span> <span class='ocrx_word' id='word_1_241' title='bbox 971 3870 1036 3914; x_wconf 93' lang='lat' dir='ltr'><strong>non</strong></span> <span class='ocrx_word' id='word_1_242' title='bbox 1054 3858 1134 3938; x_wconf 90' lang='lat' dir='ltr'><strong>pos·</strong></span> 
     </span>
     <span class='ocr_line' id='line_1_34' title="bbox 83 3944 1135 4042; baseline 0.004 -21"><span class='ocrx_word' id='word_1_243' title='bbox 83 3964 175 4025; x_wconf 79' lang='lat' dir='ltr'><strong>sunt</strong></span> <span class='ocrx_word' id='word_1_244' title='bbox 219 3955 263 4020; x_wconf 85' lang='lat' dir='ltr'><strong>Et</strong></span> <span class='ocrx_word' id='word_1_245' title='bbox 287 3953 362 4022; x_wconf 89' lang='lat' dir='ltr'><strong>ideo</strong></span> <span class='ocrx_word' id='word_1_246' title='bbox 388 3974 505 4021; x_wconf 83' lang='lat' dir='ltr'><strong>censeo</strong></span> <span class='ocrx_word' id='word_1_247' title='bbox 530 3954 667 4042; x_wconf 88' lang='lat' dir='ltr'><strong>eosqui</strong></span> <span class='ocrx_word' id='word_1_248' title='bbox 692 3954 734 4021; x_wconf 92' lang='lat' dir='ltr'><strong>de</strong></span> <span class='ocrx_word' id='word_1_249' title='bbox 756 3955 880 4024; x_wconf 83' lang='lat' dir='ltr'><strong>insidiis</strong></span> <span class='ocrx_word' id='word_1_250' title='bbox 905 3944 1135 4026; x_wconf 78' lang='lat' dir='ltr'><strong>haereticonutt&#39;</strong></span> 
     </span>
    </p>
   </div>
   <div class='ocr_carea' id='block_1_7' title="bbox 116 4162 1099 4252">
    <p class='ocr_par' dir='ltr' id='par_1_9' title="bbox 116 4162 1099 4252">
     <span class='ocr_line' id='line_1_35' title="bbox 116 4162 1099 4252; baseline 0.002 -16"><span class='ocrx_word' id='word_1_251' title='bbox 116 4181 339 4244; x_wconf 67' lang='lat' dir='ltr'><strong>sunem-mn.</strong></span> <span class='ocrx_word' id='word_1_252' title='bbox 352 4171 391 4242; x_wconf 73' lang='lat' dir='ltr'><strong>ro.</strong></span> <span class='ocrx_word' id='word_1_253' title='bbox 495 4185 723 4240; x_wconf 62' lang='lat' dir='ltr'><strong>taruanninse.</strong></span> <span class='ocrx_word' id='word_1_254' title='bbox 836 4190 849 4239; x_wconf 73' lang='lat' dir='ltr'><strong>s</strong></span> <span class='ocrx_word' id='word_1_255' title='bbox 867 4192 960 4242; x_wconf 64' lang='lat' dir='ltr'><strong>troas.</strong></span> <span class='ocrx_word' id='word_1_256' title='bbox 971 4192 997 4243; x_wconf 78' lang='lat' dir='ltr'><strong>n.</strong></span> <span class='ocrx_word' id='word_1_257' title='bbox 1010 4162 1099 4252; x_wconf 58' lang='lat' dir='ltr'><strong>nssn.</strong></span> 
     </span>
    </p>
   </div>
   <div class='ocr_carea' id='block_1_8' title="bbox 0 0 1370 4756">
    <p class='ocr_par' dir='ltr' id='par_1_10' title="bbox 0 0 1370 4756">
     <span class='ocr_line' id='line_1_36' title="bbox 0 0 1370 4756; baseline 0 0"><span class='ocrx_word' id='word_1_258' title='bbox 0 0 1370 4756; x_wconf 95' lang='lat' dir='ltr'><strong> </strong></span> 
     </span>
    </p>
   </div>
  </div>
 </body>
</html>
