<?xml version="1.0" encoding="UTF-8"?>
<!DOCTYPE html PUBLIC "-//W3C//DTD XHTML 1.0 Transitional//EN"
    "http://www.w3.org/TR/xhtml1/DTD/xhtml1-transitional.dtd">
<html xmlns="http://www.w3.org/1999/xhtml" xml:lang="en" lang="en">
 <head>
  <title>
</title>
<meta http-equiv="Content-Type" content="text/html;charset=utf-8" />
  <meta name='ocr-system' content='tesseract 3.04.00' />
  <meta name='ocr-capabilities' content='ocr_page ocr_carea ocr_par ocr_line ocrx_word'/>
</head>
<body>
  <div class='ocr_page' id='page_1' title='image "./reliquiaesacrae11routgoog_0315.png"; bbox 0 0 2678 4756; ppageno 0'>
   <div class='ocr_carea' id='block_1_1' title="bbox 280 604 1193 963">
    <p class='ocr_par' dir='ltr' id='par_1_1' title="bbox 280 604 1193 963">
     <span class='ocr_line' id='line_1_1' title="bbox 445 604 1053 704; baseline 0 -1"><span class='ocrx_word' id='word_1_1' title='bbox 445 604 1053 704; x_wconf 87' lang='lat' dir='ltr'>ANNOTATIONES</span> 
     </span>
     <span class='ocr_line' id='line_1_2' title="bbox 280 836 1193 963; baseline -0.001 -42"><span class='ocrx_word' id='word_1_2' title='bbox 280 836 378 963; x_wconf 75' lang='lat' dir='ltr'>·-.IN</span> <span class='ocrx_word' id='word_1_3' title='bbox 409 838 697 921; x_wconf 90' lang='lat' dir='ltr'><strong>HYMNUM</strong></span> <span class='ocrx_word' id='word_1_4' title='bbox 728 838 1193 922; x_wconf 87' lang='lat' dir='ltr'><strong>VESPERTINUM.</strong></span> 
     </span>
    </p>
   </div>
   <div class='ocr_carea' id='block_1_2' title="bbox 645 1085 860 1130">
    <p class='ocr_par' dir='ltr' id='par_1_2' title="bbox 645 1085 860 1130">
     <span class='ocr_line' id='line_1_3' title="bbox 645 1085 860 1130; baseline 0.005 -1"><span class='ocrx_word' id='word_1_5' title='bbox 645 1085 860 1130; x_wconf 54' lang='lat'>*⁸¹*—</span> 
     </span>
    </p>
   </div>
   <div class='ocr_carea' id='block_1_3' title="bbox 227 1230 1270 1603">
    <p class='ocr_par' dir='ltr' id='par_1_3' title="bbox 227 1230 1270 1603">
     <span class='ocr_line' id='line_1_4' title="bbox 227 1230 1269 1362; baseline 0 -24"><span class='ocrx_word' id='word_1_6' title='bbox 227 1262 288 1338; x_wconf 93' lang='lat' dir='ltr'>De</span> <span class='ocrx_word' id='word_1_7' title='bbox 310 1263 527 1362; x_wconf 86' lang='lat' dir='ltr'>Vespertino</span> <span class='ocrx_word' id='word_1_8' title='bbox 552 1230 708 1362; x_wconf 90' lang='lat' dir='ltr'>Hymno</span> <span class='ocrx_word' id='word_1_9' title='bbox 731 1278 870 1356; x_wconf 86' lang='lat' dir='ltr'><strong>extant,</strong></span> <span class='ocrx_word' id='word_1_10' title='bbox 889 1289 971 1361; x_wconf 85' lang='lat' dir='ltr'><em>quae</em></span> <span class='ocrx_word' id='word_1_11' title='bbox 995 1276 1215 1360; x_wconf 86' lang='lat' dir='ltr'>sequuntur,</span> <span class='ocrx_word' id='word_1_12' title='bbox 1232 1266 1269 1338; x_wconf 91' lang='lat' dir='ltr'>in</span> 
     </span>
     <span class='ocr_line' id='line_1_5' title="bbox 276 1379 1270 1479; baseline 0 -27"><span class='ocrx_word' id='word_1_13' title='bbox 276 1379 525 1452; x_wconf 75' lang='lat' dir='ltr'>Mucellaueit·</span> <span class='ocrx_word' id='word_1_14' title='bbox 547 1379 701 1453; x_wconf 75' lang='lat' dir='ltr'>Thomae</span> <span class='ocrx_word' id='word_1_15' title='bbox 728 1382 863 1454; x_wconf 89' lang='lat' dir='ltr'>Smithi</span> <span class='ocrx_word' id='word_1_16' title='bbox 888 1380 955 1453; x_wconf 88' lang='lat' dir='ltr'>viri</span> <span class='ocrx_word' id='word_1_17' title='bbox 980 1381 1026 1452; x_wconf 91' lang='lat' dir='ltr'>cl.</span> <span class='ocrx_word' id='word_1_18' title='bbox 1050 1379 1210 1479; x_wconf 80' lang='lat' dir='ltr'>collegii</span> <span class='ocrx_word' id='word_1_19' title='bbox 1234 1380 1270 1452; x_wconf 84' lang='lat' dir='ltr'>S.</span> 
     </span>
     <span class='ocr_line' id='line_1_6' title="bbox 276 1493 898 1603; baseline 0.002 -36"><span class='ocrx_word' id='word_1_20' title='bbox 276 1493 508 1592; x_wconf 85' lang='lat' dir='ltr'>Magdalenae</span> <span class='ocrx_word' id='word_1_21' title='bbox 527 1494 664 1603; x_wconf 76' lang='lat' dir='ltr'>Oxcnji</span> <span class='ocrx_word' id='word_1_22' title='bbox 683 1495 770 1569; x_wconf 89' lang='lat' dir='ltr'>olim</span> <span class='ocrx_word' id='word_1_23' title='bbox 790 1496 898 1569; x_wconf 87' lang='lat' dir='ltr'>Socii.</span> 
     </span>
    </p>
   </div>
   <div class='ocr_carea' id='block_1_4' title="bbox 262 1705 1235 1895">
    <p class='ocr_par' dir='ltr' id='par_1_4' title="bbox 262 1705 1235 1895">
     <span class='ocr_line' id='line_1_7' title="bbox 262 1705 1235 1787; baseline -0.001 -15"><span class='ocrx_word' id='word_1_24' title='bbox 262 1707 319 1772; x_wconf 81' lang='lat' dir='ltr'><em>Ea</em></span> <span class='ocrx_word' id='word_1_25' title='bbox 334 1706 391 1771; x_wconf 83' lang='lat' dir='ltr'>Tt.</span> <span class='ocrx_word' id='word_1_26' title='bbox 405 1705 521 1772; x_wconf 77' lang='lat' dir='ltr'>Smitht’</span> <span class='ocrx_word' id='word_1_27' title='bbox 535 1705 762 1786; x_wconf 77' lang='lat' dir='ltr'>miscellaneis,</span> <span class='ocrx_word' id='word_1_28' title='bbox 776 1706 913 1772; x_wconf 82' lang='lat' dir='ltr'><em>Laudim&#39;</em></span> <span class='ocrx_word' id='word_1_29' title='bbox 927 1726 1006 1771; x_wconf 81' lang='lat' dir='ltr'><em>arma</em></span> <span class='ocrx_word' id='word_1_30' title='bbox 1024 1712 1114 1771; x_wconf 75' lang='lat'>1686.</span> <span class='ocrx_word' id='word_1_31' title='bbox 1128 1705 1235 1787; x_wconf 79' lang='lat' dir='ltr'>editis,</span> 
     </span>
     <span class='ocr_line' id='line_1_8' title="bbox 639 1809 853 1895; baseline 0.005 -24"><span class='ocrx_word' id='word_1_32' title='bbox 639 1809 679 1872; x_wconf 89' lang='lat' dir='ltr'><em>ad</em></span> <span class='ocrx_word' id='word_1_33' title='bbox 696 1830 771 1895; x_wconf 86' lang='lat' dir='ltr'><strong>pag.</strong></span> <span class='ocrx_word' id='word_1_34' title='bbox 786 1823 853 1873; x_wconf 83' lang='lat'>151.</span> 
     </span>
    </p>
   </div>
   <div class='ocr_carea' id='block_1_5' title="bbox 211 1939 1269 4154">
    <p class='ocr_par' dir='ltr' id='par_1_5' title="bbox 223 1939 1269 2283">
     <span class='ocr_line' id='line_1_9' title="bbox 265 1939 1269 2029; baseline -0.002 -22"><span class='ocrx_word' id='word_1_35' title='bbox 265 1940 301 2007; x_wconf 82' lang='lat' dir='ltr'>A</span> <span class='ocrx_word' id='word_1_36' title='bbox 317 1940 474 2007; x_wconf 69' lang='lat' dir='ltr'>Gumms</span> <span class='ocrx_word' id='word_1_37' title='bbox 498 1941 653 2028; x_wconf 89' lang='lat' dir='ltr'>Hymnus</span> <span class='ocrx_word' id='word_1_38' title='bbox 668 1940 890 2027; x_wconf 87' lang='lat' dir='ltr'>Vespertinus,</span> <span class='ocrx_word' id='word_1_39' title='bbox 905 1939 993 2026; x_wconf 88' lang='lat' dir='ltr'><em>quod</em></span> <span class='ocrx_word' id='word_1_40' title='bbox 1009 1958 1049 2002; x_wconf 90' lang='lat' dir='ltr'>ex</span> <span class='ocrx_word' id='word_1_41' title='bbox 1069 1939 1180 2021; x_wconf 82' lang='lat' dir='ltr'>officio</span> <span class='ocrx_word' id='word_1_42' title='bbox 1195 1955 1269 2029; x_wconf 75' lang='grc' dir='ltr'>λυχ-</span> 
     </span>
     <span class='ocr_line' id='line_1_10' title="bbox 225 2025 1269 2107; baseline -0.001 -15"><span class='ocrx_word' id='word_1_43' title='bbox 225 2030 286 2092; x_wconf 69' lang='lat' dir='ltr'>viui</span> <span class='ocrx_word' id='word_1_44' title='bbox 309 2027 373 2091; x_wconf 88' lang='lat' dir='ltr'>sive</span> <span class='ocrx_word' id='word_1_45' title='bbox 395 2025 581 2091; x_wconf 84' lang='lat' dir='ltr'>Lucernarii</span> <span class='ocrx_word' id='word_1_46' title='bbox 603 2026 810 2090; x_wconf 85' lang='lat' dir='ltr'>manifestum</span> <span class='ocrx_word' id='word_1_47' title='bbox 832 2039 892 2104; x_wconf 89' lang='lat' dir='ltr'>est,</span> <span class='ocrx_word' id='word_1_48' title='bbox 915 2025 976 2089; x_wconf 92' lang='lat' dir='ltr'>sub</span> <span class='ocrx_word' id='word_1_49' title='bbox 998 2044 1154 2089; x_wconf 85' lang='lat' dir='ltr'>oceasum</span> <span class='ocrx_word' id='word_1_50' title='bbox 1182 2026 1269 2107; x_wconf 88' lang='lat' dir='ltr'>solis,</span> 
     </span>
     <span class='ocr_line' id='line_1_11' title="bbox 223 2110 1269 2196; baseline -0.001 -18"><span class='ocrx_word' id='word_1_51' title='bbox 223 2112 324 2178; x_wconf 88' lang='lat' dir='ltr'>hodie</span> <span class='ocrx_word' id='word_1_52' title='bbox 347 2112 510 2191; x_wconf 79' lang='lat' dir='ltr'>recitatur,</span> <span class='ocrx_word' id='word_1_53' title='bbox 526 2111 581 2196; x_wconf 93' lang='lat' dir='ltr'>qui</span> <span class='ocrx_word' id='word_1_54' title='bbox 604 2133 624 2174; x_wconf 85' lang='lat' dir='ltr'><em>a</em></span> <span class='ocrx_word' id='word_1_55' title='bbox 643 2110 754 2196; x_wconf 90' lang='lat' dir='ltr'>primis</span> <span class='ocrx_word' id='word_1_56' title='bbox 768 2112 884 2185; x_wconf 90' lang='lat' dir='ltr'>seculis</span> <span class='ocrx_word' id='word_1_57' title='bbox 899 2111 1077 2196; x_wconf 78' lang='lat' dir='ltr'>longousu</span> <span class='ocrx_word' id='word_1_58' title='bbox 1092 2124 1171 2175; x_wconf 89' lang='lat' dir='ltr'>eur&#39;n</span> <span class='ocrx_word' id='word_1_59' title='bbox 1188 2112 1269 2177; x_wconf 87' lang='lat' dir='ltr'>deri-</span> 
     </span>
     <span class='ocr_line' id='line_1_12' title="bbox 224 2196 1269 2283; baseline 0.002 -22"><span class='ocrx_word' id='word_1_60' title='bbox 224 2218 314 2262; x_wconf 87' lang='lat' dir='ltr'>vasse</span> <span class='ocrx_word' id='word_1_61' title='bbox 329 2197 484 2263; x_wconf 90' lang='lat' dir='ltr'>videntur.</span> <span class='ocrx_word' id='word_1_62' title='bbox 528 2196 662 2260; x_wconf 89' lang='lat' dir='ltr'>Nemini</span> <span class='ocrx_word' id='word_1_63' title='bbox 680 2210 787 2261; x_wconf 89' lang='lat' dir='ltr'>autem</span> <span class='ocrx_word' id='word_1_64' title='bbox 809 2197 841 2260; x_wconf 93' lang='lat' dir='ltr'>in</span> <span class='ocrx_word' id='word_1_65' title='bbox 864 2196 1000 2261; x_wconf 92' lang='lat' dir='ltr'>dubium</span> <span class='ocrx_word' id='word_1_66' title='bbox 1015 2196 1123 2260; x_wconf 84' lang='lat' dir='ltr'>vocari</span> <span class='ocrx_word' id='word_1_67' title='bbox 1138 2197 1269 2283; x_wconf 91' lang='lat' dir='ltr'>poterit,</span> 
     </span>
    </p>

    <p class='ocr_par' dir='ltr' id='par_1_6' title="bbox 211 2280 1268 4154">
     <span class='ocr_line' id='line_1_13' title="bbox 248 2280 1267 2369; baseline -0.001 -22"><span class='ocrx_word' id='word_1_68' title='bbox 248 2283 303 2347; x_wconf 90' lang='lat' dir='ltr'>uin</span> <span class='ocrx_word' id='word_1_69' title='bbox 327 2304 456 2369; x_wconf 89' lang='lat' dir='ltr'>prorsus</span> <span class='ocrx_word' id='word_1_70' title='bbox 477 2280 563 2345; x_wconf 90' lang='lat' dir='ltr'>idem</span> <span class='ocrx_word' id='word_1_71' title='bbox 586 2281 628 2346; x_wconf 88' lang='lat' dir='ltr'>sit</span> <span class='ocrx_word' id='word_1_72' title='bbox 649 2302 724 2344; x_wconf 92' lang='lat' dir='ltr'>cum</span> <span class='ocrx_word' id='word_1_73' title='bbox 746 2280 897 2368; x_wconf 74' lang='grc' dir='ltr'><em>ἐπιλυχνίῳ</em></span> <span class='ocrx_word' id='word_1_74' title='bbox 918 2280 1067 2367; x_wconf 73' lang='grc' dir='ltr'>ε1χαριςῖᾳ</span> <span class='ocrx_word' id='word_1_75' title='bbox 1087 2280 1129 2345; x_wconf 83' lang='lat' dir='ltr'>de</span> <span class='ocrx_word' id='word_1_76' title='bbox 1152 2304 1219 2369; x_wconf 82' lang='lat' dir='ltr'><em>qua</em></span> <span class='ocrx_word' id='word_1_77' title='bbox 1237 2283 1267 2347; x_wconf 83' lang='lat' dir='ltr'>S.</span> 
     </span>
     <span class='ocr_line' id='line_1_14' title="bbox 211 2302 1268 2453; baseline -0.002 -19"><span class='ocrx_word' id='word_1_78' title='bbox 211 2302 364 2434; x_wconf 53' lang='grc' dir='ltr'>1ἓειεὶὶὶυε</span> <span class='ocrx_word' id='word_1_79' title='bbox 385 2367 425 2431; x_wconf 93' lang='lat' dir='ltr'>de</span> <span class='ocrx_word' id='word_1_80' title='bbox 447 2366 569 2452; x_wconf 82' lang='lat' dir='ltr'>Spiritu</span> <span class='ocrx_word' id='word_1_81' title='bbox 591 2368 710 2431; x_wconf 83' lang='lat' dir='ltr'>Sancto</span> <span class='ocrx_word' id='word_1_82' title='bbox 734 2367 775 2431; x_wconf 89' lang='lat' dir='ltr'><em>ad</em></span> <span class='ocrx_word' id='word_1_83' title='bbox 794 2365 1064 2453; x_wconf 85' lang='lat' dir='ltr'><strong>Amphilochium</strong></span> <span class='ocrx_word' id='word_1_84' title='bbox 1085 2388 1116 2431; x_wconf 91' lang='lat' dir='ltr'>c.</span> <span class='ocrx_word' id='word_1_85' title='bbox 1131 2382 1186 2447; x_wconf 78' lang='lat'>29.</span> <span class='ocrx_word' id='word_1_86' title='bbox 1207 2368 1268 2432; x_wconf 85' lang='lat' dir='ltr'>hoe</span> 
     </span>
     <span class='ocr_line' id='line_1_15' title="bbox 223 2447 1267 2559; baseline -0.001 -42"><span class='ocrx_word' id='word_1_87' title='bbox 223 2452 324 2517; x_wconf 90' lang='lat' dir='ltr'>modo</span> <span class='ocrx_word' id='word_1_88' title='bbox 341 2447 479 2529; x_wconf 78' lang='lat' dir='ltr'>disserit,</span> <span class='ocrx_word' id='word_1_89' title='bbox 495 2450 567 2529; x_wconf 63' lang='grc' dir='ltr'><em>ἔδοξε</em></span> <span class='ocrx_word' id='word_1_90' title='bbox 580 2456 637 2526; x_wconf 82' lang='grc' dir='ltr'><em>τοῖς</em></span> <span class='ocrx_word' id='word_1_91' title='bbox 652 2452 799 2536; x_wconf 68' lang='grc' dir='ltr'><em>πατράσιν</em></span> <span class='ocrx_word' id='word_1_92' title='bbox 814 2458 899 2534; x_wconf 77' lang='grc' dir='ltr'><em>ἡμῶν,</em></span> <span class='ocrx_word' id='word_1_93' title='bbox 913 2456 951 2534; x_wconf 80' lang='grc' dir='ltr'>μὴ</span> <span class='ocrx_word' id='word_1_94' title='bbox 966 2456 1053 2536; x_wconf 76' lang='grc' dir='ltr'>σιωπῇ</span> <span class='ocrx_word' id='word_1_95' title='bbox 1067 2454 1117 2529; x_wconf 76' lang='grc' dir='ltr'>τὴν</span> <span class='ocrx_word' id='word_1_96' title='bbox 1126 2452 1222 2559; x_wconf 57' lang='grc' dir='ltr'><em>χάριν</em></span> <span class='ocrx_word' id='word_1_97' title='bbox 1234 2458 1267 2515; x_wconf 73' lang='grc' dir='ltr'><em>τὲ</em></span> 
     </span>
     <span class='ocr_line' id='line_1_16' title="bbox 224 2535 1267 2624; baseline 0.001 -24"><span class='ocrx_word' id='word_1_98' title='bbox 224 2542 352 2624; x_wconf 65' lang='lat' dir='ltr'>§ansgui</span> <span class='ocrx_word' id='word_1_99' title='bbox 369 2536 456 2618; x_wconf 72' lang='grc' dir='ltr'><em>φωτὸς</em></span> <span class='ocrx_word' id='word_1_100' title='bbox 470 2535 605 2620; x_wconf 69' lang='grc' dir='ltr'>δέχεθαν,</span> <span class='ocrx_word' id='word_1_101' title='bbox 617 2541 683 2600; x_wconf 77' lang='grc' dir='ltr'><strong>ἀλλ’</strong></span> <span class='ocrx_word' id='word_1_102' title='bbox 699 2539 777 2610; x_wconf 72' lang='grc' dir='ltr'>εὐθὺς</span> <span class='ocrx_word' id='word_1_103' title='bbox 792 2537 917 2619; x_wconf 78' lang='grc' dir='ltr'><em>φανέντος</em></span> <span class='ocrx_word' id='word_1_104' title='bbox 931 2541 1098 2621; x_wconf 75' lang='grc' dir='ltr'>εὗχαριςεῖν.</span> <span class='ocrx_word' id='word_1_105' title='bbox 1117 2536 1212 2623; x_wconf 52' lang='grc' dir='ltr'><em>νεὸςις</em></span> <span class='ocrx_word' id='word_1_106' title='bbox 1220 2539 1267 2619; x_wconf 77' lang='grc' dir='ltr'>μὲν</span> 
     </span>
     <span class='ocr_line' id='line_1_17' title="bbox 224 2620 1266 2709; baseline 0.001 -25"><span class='ocrx_word' id='word_1_107' title='bbox 224 2626 350 2709; x_wconf 59' lang='lat' dir='ltr'>icturi?</span> <span class='ocrx_word' id='word_1_108' title='bbox 364 2631 417 2684; x_wconf 84' lang='grc' dir='ltr'>τῶν</span> <span class='ocrx_word' id='word_1_109' title='bbox 432 2621 560 2707; x_wconf 73' lang='grc' dir='ltr'><em>ῥημάτων</em></span> <span class='ocrx_word' id='word_1_110' title='bbox 575 2621 678 2685; x_wconf 62' lang='grc' dir='ltr'><em>ἐκείνων</em></span> <span class='ocrx_word' id='word_1_111' title='bbox 692 2629 738 2698; x_wconf 75' lang='grc' dir='ltr'>τῆς</span> <span class='ocrx_word' id='word_1_112' title='bbox 754 2622 913 2707; x_wconf 73' lang='grc' dir='ltr'>ἐπιλυχνῖου</span> <span class='ocrx_word' id='word_1_113' title='bbox 930 2620 1105 2705; x_wconf 63' lang='grc' dir='ltr'>εἶχαριςῖας,</span> <span class='ocrx_word' id='word_1_114' title='bbox 1122 2627 1208 2686; x_wconf 77' lang='grc' dir='ltr'><em>εἰπεῖν</em></span> <span class='ocrx_word' id='word_1_115' title='bbox 1222 2626 1266 2685; x_wconf 77' lang='grc' dir='ltr'>οὐκ</span> 
     </span>
     <span class='ocr_line' id='line_1_18' title="bbox 225 2705 1265 2793; baseline -0.002 -23"><span class='ocrx_word' id='word_1_116' title='bbox 225 2706 338 2793; x_wconf 66' lang='grc' dir='ltr'>ἔχομεν.</span> <span class='ocrx_word' id='word_1_117' title='bbox 368 2712 380 2768; x_wconf 85' lang='grc' dir='ltr'>ὁ</span> <span class='ocrx_word' id='word_1_118' title='bbox 394 2705 486 2787; x_wconf 78' lang='grc' dir='ltr'>μέντοι</span> <span class='ocrx_word' id='word_1_119' title='bbox 501 2707 569 2780; x_wconf 78' lang='grc' dir='ltr'>λαὸς</span> <span class='ocrx_word' id='word_1_120' title='bbox 583 2707 708 2792; x_wconf 74' lang='grc' dir='ltr'><em>ἀρχαίαν</em></span> <span class='ocrx_word' id='word_1_121' title='bbox 723 2706 819 2785; x_wconf 69' lang='grc' dir='ltr'><strong><em>ἀφίησι</em></strong></span> <span class='ocrx_word' id='word_1_122' title='bbox 835 2711 881 2784; x_wconf 80' lang='grc' dir='ltr'>τὴν</span> <span class='ocrx_word' id='word_1_123' title='bbox 896 2711 991 2789; x_wconf 77' lang='grc' dir='ltr'><em>φωνὴν,</em></span> <span class='ocrx_word' id='word_1_124' title='bbox 1006 2707 1054 2768; x_wconf 70' lang='grc' dir='ltr'>καὶ</span> <span class='ocrx_word' id='word_1_125' title='bbox 1070 2707 1142 2769; x_wconf 74' lang='grc' dir='ltr'>ἐὸενὶ</span> <span class='ocrx_word' id='word_1_126' title='bbox 1161 2707 1265 2770; x_wconf 80' lang='grc' dir='ltr'>πώποτε</span> 
     </span>
     <span class='ocr_line' id='line_1_19' title="bbox 224 2790 1266 2877; baseline -0.001 -22"><span class='ocrx_word' id='word_1_127' title='bbox 224 2790 333 2855; x_wconf 66' lang='grc' dir='ltr'><em>ἆσεὸεῖν</em></span> <span class='ocrx_word' id='word_1_128' title='bbox 347 2791 520 2873; x_wconf 68' lang='grc' dir='ltr'><em>ἐνομίὣησαν</em></span> <span class='ocrx_word' id='word_1_129' title='bbox 535 2798 558 2854; x_wconf 83' lang='lat' dir='ltr'>ai</span> <span class='ocrx_word' id='word_1_130' title='bbox 572 2793 711 2876; x_wconf 81' lang='grc' dir='ltr'><em>λέγοντες,</em></span> <span class='ocrx_word' id='word_1_131' title='bbox 727 2796 847 2873; x_wconf 64' lang='lat' dir='ltr'>Autaei</span> <span class='ocrx_word' id='word_1_132' title='bbox 862 2790 979 2877; x_wconf 72' lang='grc' dir='ltr'><em>ωατέρα</em></span> <span class='ocrx_word' id='word_1_133' title='bbox 994 2791 1041 2853; x_wconf 77' lang='grc' dir='ltr'>καὶ</span> <span class='ocrx_word' id='word_1_134' title='bbox 1056 2793 1111 2855; x_wconf 77' lang='grc' dir='ltr'>υἱὸν</span> <span class='ocrx_word' id='word_1_135' title='bbox 1124 2793 1176 2855; x_wconf 73' lang='grc' dir='ltr'>καὶ</span> <span class='ocrx_word' id='word_1_136' title='bbox 1192 2791 1266 2877; x_wconf 73' lang='grc' dir='ltr'><em>ἅγιον</em></span> 
     </span>
     <span class='ocr_line' id='line_1_20' title="bbox 223 2875 1265 2961; baseline 0 -20"><span class='ocrx_word' id='word_1_137' title='bbox 223 2884 339 2959; x_wconf 72' lang='grc' dir='ltr'><em>πνεῦμα</em></span> <span class='ocrx_word' id='word_1_138' title='bbox 359 2880 434 2941; x_wconf 76' lang='grc' dir='ltr'>Θεὲ.</span> <span class='ocrx_word' id='word_1_139' title='bbox 476 2875 585 2940; x_wconf 82' lang='lat' dir='ltr'>Visum</span> <span class='ocrx_word' id='word_1_140' title='bbox 605 2887 651 2940; x_wconf 86' lang='lat' dir='ltr'>est</span> <span class='ocrx_word' id='word_1_141' title='bbox 674 2876 824 2940; x_wconf 76' lang='lat' dir='ltr'>Patribus</span> <span class='ocrx_word' id='word_1_142' title='bbox 846 2877 960 2941; x_wconf 82' lang='lat' dir='ltr'>uostris</span> <span class='ocrx_word' id='word_1_143' title='bbox 981 2876 1151 2961; x_wconf 82' lang='lat' dir='ltr'>vespertini</span> <span class='ocrx_word' id='word_1_144' title='bbox 1175 2876 1265 2941; x_wconf 84' lang='lat' dir='ltr'><em>lumi·</em></span> 
     </span>
     <span class='ocr_line' id='line_1_21' title="bbox 222 2959 1265 3050; baseline -0.003 -23"><span class='ocrx_word' id='word_1_145' title='bbox 222 2961 273 3027; x_wconf 75' lang='lat' dir='ltr'>m‘s</span> <span class='ocrx_word' id='word_1_146' title='bbox 292 2961 434 3050; x_wconf 79' lang='lat' dir='ltr'><strong><em>gratiam</em></strong></span> <span class='ocrx_word' id='word_1_147' title='bbox 457 2959 700 3048; x_wconf 75' lang='lat' dir='ltr'><em>haudquaquam</em></span> <span class='ocrx_word' id='word_1_148' title='bbox 727 2962 847 3026; x_wconf 84' lang='lat' dir='ltr'>silentia</span> <span class='ocrx_word' id='word_1_149' title='bbox 876 2961 1024 3045; x_wconf 81' lang='lat' dir='ltr'>accipere,</span> <span class='ocrx_word' id='word_1_150' title='bbox 1048 2961 1103 3024; x_wconf 86' lang='lat' dir='ltr'>sed</span> <span class='ocrx_word' id='word_1_151' title='bbox 1126 2984 1214 3040; x_wconf 77' lang='lat' dir='ltr'><em>mox,</em></span> <span class='ocrx_word' id='word_1_152' title='bbox 1233 2972 1265 3024; x_wconf 84' lang='grc'>111</span> 
     </span>
     <span class='ocr_line' id='line_1_22' title="bbox 223 3046 1265 3134; baseline -0.003 -21"><span class='ocrx_word' id='word_1_153' title='bbox 223 3047 384 3133; x_wconf 81' lang='lat' dir='ltr'><em>apparuit,</em></span> <span class='ocrx_word' id='word_1_154' title='bbox 409 3070 501 3134; x_wconf 82' lang='lat' dir='ltr'>agere</span> <span class='ocrx_word' id='word_1_155' title='bbox 520 3048 654 3133; x_wconf 79' lang='lat' dir='ltr'><em>gratias.</em></span> <span class='ocrx_word' id='word_1_156' title='bbox 699 3048 776 3133; x_wconf 85' lang='lat' dir='ltr'>Quis</span> <span class='ocrx_word' id='word_1_157' title='bbox 800 3058 904 3111; x_wconf 82' lang='lat' dir='ltr'><em>autem</em></span> <span class='ocrx_word' id='word_1_158' title='bbox 919 3046 1026 3131; x_wconf 81' lang='lat' dir='ltr'>fuerit</span> <span class='ocrx_word' id='word_1_159' title='bbox 1046 3046 1175 3112; x_wconf 78' lang='lat' dir='ltr'>Autltcr</span> <span class='ocrx_word' id='word_1_160' title='bbox 1199 3046 1265 3111; x_wconf 78' lang='lat' dir='ltr'>illo-</span> 
     </span>
     <span class='ocr_line' id='line_1_23' title="bbox 222 3130 1265 3217; baseline -0.001 -20"><span class='ocrx_word' id='word_1_161' title='bbox 222 3155 294 3197; x_wconf 83' lang='lat' dir='ltr'>rum</span> <span class='ocrx_word' id='word_1_162' title='bbox 308 3132 479 3211; x_wconf 76' lang='lat' dir='ltr'>uerborum,</span> <span class='ocrx_word' id='word_1_163' title='bbox 494 3155 567 3217; x_wconf 76' lang='lat' dir='ltr'>qua,&gt;</span> <span class='ocrx_word' id='word_1_164' title='bbox 580 3132 726 3196; x_wconf 84' lang='lat' dir='ltr'>dimutur</span> <span class='ocrx_word' id='word_1_165' title='bbox 742 3132 774 3196; x_wconf 83' lang='lat' dir='ltr'>iu</span> <span class='ocrx_word' id='word_1_166' title='bbox 812 3132 966 3197; x_wconf 84' lang='lat' dir='ltr'><em>ratiarum</em></span> <span class='ocrx_word' id='word_1_167' title='bbox 981 3130 1102 3196; x_wconf 81' lang='lat' dir='ltr'>actione</span> <span class='ocrx_word' id='word_1_168' title='bbox 1113 3133 1159 3196; x_wconf 86' lang='lat' dir='ltr'><em>ad</em></span> <span class='ocrx_word' id='word_1_169' title='bbox 1171 3132 1265 3196; x_wconf 83' lang='lat' dir='ltr'>lucer·</span> 
     </span>
     <span class='ocr_line' id='line_1_24' title="bbox 222 3156 1266 3313; baseline -0.001 -31"><span class='ocrx_word' id='word_1_170' title='bbox 222 3240 292 3296; x_wconf 86' lang='lat' dir='ltr'><em>aas,</em></span> <span class='ocrx_word' id='word_1_171' title='bbox 307 3218 406 3282; x_wconf 81' lang='lat' dir='ltr'>dicere</span> <span class='ocrx_word' id='word_1_172' title='bbox 421 3241 481 3280; x_wconf 87' lang='lat' dir='ltr'><em>naa</em></span> <span class='ocrx_word' id='word_1_173' title='bbox 493 3233 664 3300; x_wconf 74' lang='lat' dir='ltr'>possumus·</span> <span class='ocrx_word' id='word_1_174' title='bbox 696 3156 836 3302; x_wconf 61' lang='lat' dir='ltr'>Popuius</span> <span class='ocrx_word' id='word_1_175' title='bbox 851 3229 954 3282; x_wconf 83' lang='lat' dir='ltr'><em>tamea</em></span> <span class='ocrx_word' id='word_1_176' title='bbox 969 3215 1134 3313; x_wconf 82' lang='lat' dir='ltr'><em>antiquam</em></span> <span class='ocrx_word' id='word_1_177' title='bbox 1145 3218 1266 3303; x_wconf 75' lang='lat' dir='ltr'>profert</span> 
     </span>
     <span class='ocr_line' id='line_1_25' title="bbox 222 3301 1266 3448; baseline -0.004 -80"><span class='ocrx_word' id='word_1_178' title='bbox 222 3325 348 3368; x_wconf 80' lang='lat' dir='ltr'><em>vocatu:</em></span> <span class='ocrx_word' id='word_1_179' title='bbox 372 3325 469 3387; x_wconf 85' lang='lat' dir='ltr'>aeque</span> <span class='ocrx_word' id='word_1_180' title='bbox 483 3301 629 3388; x_wconf 75' lang='lat' dir='ltr'><em>cuiquam</em></span> <span class='ocrx_word' id='word_1_181' title='bbox 644 3325 782 3388; x_wconf 85' lang='lat' dir='ltr'><em>uuquam</em></span> <span class='ocrx_word' id='word_1_182' title='bbox 803 3303 861 3366; x_wconf 83' lang='lat' dir='ltr'>m&#39;si</span> <span class='ocrx_word' id='word_1_183' title='bbox 882 3313 954 3365; x_wconf 85' lang='lat' dir='ltr'>suut</span> <span class='ocrx_word' id='word_1_184' title='bbox 974 3301 1170 3448; x_wconf 70' lang='lat' dir='ltr'>imytetatem</span> <span class='ocrx_word' id='word_1_185' title='bbox 1187 3324 1266 3364; x_wconf 90' lang='lat' dir='ltr'>com·</span> 
     </span>
     <span class='ocr_line' id='line_1_26' title="bbox 222 3386 1265 3473; baseline -0.002 -23"><span class='ocrx_word' id='word_1_186' title='bbox 222 3387 359 3464; x_wconf 83' lang='lat' dir='ltr'>mittere,</span> <span class='ocrx_word' id='word_1_187' title='bbox 377 3388 431 3473; x_wconf 81' lang='lat' dir='ltr'>qui</span> <span class='ocrx_word' id='word_1_188' title='bbox 446 3388 564 3465; x_wconf 82' lang='lat' dir='ltr'>dicuat,</span> <span class='ocrx_word' id='word_1_189' title='bbox 581 3387 762 3450; x_wconf 80' lang='lat' dir='ltr'><em>Laudamus</em></span> <span class='ocrx_word' id='word_1_190' title='bbox 778 3391 907 3452; x_wconf 77' lang='lat' dir='ltr'>Patrem</span> <span class='ocrx_word' id='word_1_191' title='bbox 925 3397 954 3449; x_wconf 83' lang='lat' dir='ltr'>et</span> <span class='ocrx_word' id='word_1_192' title='bbox 971 3387 1009 3449; x_wconf 88' lang='lat' dir='ltr'>Ft&#39;</span> <span class='ocrx_word' id='word_1_193' title='bbox 1025 3386 1088 3448; x_wconf 81' lang='lat' dir='ltr'>ium</span> <span class='ocrx_word' id='word_1_194' title='bbox 1109 3397 1141 3449; x_wconf 87' lang='lat' dir='ltr'>et</span> <span class='ocrx_word' id='word_1_195' title='bbox 1167 3386 1265 3470; x_wconf 84' lang='lat' dir='ltr'>Spiri-</span> 
     </span>
     <span class='ocr_line' id='line_1_27' title="bbox 224 3472 1265 3536; baseline -0.001 0"><span class='ocrx_word' id='word_1_196' title='bbox 224 3483 292 3536; x_wconf 86' lang='lat' dir='ltr'>tum</span> <span class='ocrx_word' id='word_1_197' title='bbox 308 3473 456 3536; x_wconf 86' lang='lat' dir='ltr'><em>Sauctum</em></span> <span class='ocrx_word' id='word_1_198' title='bbox 472 3472 545 3535; x_wconf 83' lang='lat' dir='ltr'>Dei.</span> <span class='ocrx_word' id='word_1_199' title='bbox 589 3473 642 3535; x_wconf 91' lang='lat' dir='ltr'>De</span> <span class='ocrx_word' id='word_1_200' title='bbox 656 3473 806 3536; x_wconf 88' lang='lat' dir='ltr'>Authore</span> <span class='ocrx_word' id='word_1_201' title='bbox 821 3473 881 3536; x_wconf 89' lang='lat' dir='ltr'>sibi</span> <span class='ocrx_word' id='word_1_202' title='bbox 897 3494 962 3536; x_wconf 88' lang='lat' dir='ltr'>non</span> <span class='ocrx_word' id='word_1_203' title='bbox 978 3484 1127 3534; x_wconf 82' lang='lat' dir='ltr'><em>constare</em></span> <span class='ocrx_word' id='word_1_204' title='bbox 1148 3472 1195 3535; x_wconf 83' lang='lat' dir='ltr'>ait</span> <span class='ocrx_word' id='word_1_205' title='bbox 1212 3493 1265 3535; x_wconf 84' lang='lat' dir='ltr'>ex-</span> 
     </span>
     <span class='ocr_line' id='line_1_28' title="bbox 223 3554 1266 3643; baseline 0 -23"><span class='ocrx_word' id='word_1_206' title='bbox 223 3557 445 3643; x_wconf 85' lang='lat' dir='ltr'>pressissime:</span> <span class='ocrx_word' id='word_1_207' title='bbox 468 3556 541 3620; x_wconf 88' lang='lat' dir='ltr'>ideo</span> <span class='ocrx_word' id='word_1_208' title='bbox 564 3557 636 3620; x_wconf 91' lang='lat' dir='ltr'>illos</span> <span class='ocrx_word' id='word_1_209' title='bbox 657 3559 738 3620; x_wconf 84' lang='lat' dir='ltr'>ratio</span> <span class='ocrx_word' id='word_1_210' title='bbox 761 3557 900 3620; x_wconf 84' lang='lat' dir='ltr'>maxime</span> <span class='ocrx_word' id='word_1_211' title='bbox 923 3557 1021 3641; x_wconf 85' lang='lat' dir='ltr'>fugit,</span> <span class='ocrx_word' id='word_1_212' title='bbox 1041 3555 1097 3640; x_wconf 92' lang='lat' dir='ltr'>qui</span> <span class='ocrx_word' id='word_1_213' title='bbox 1119 3554 1213 3620; x_wconf 89' lang='lat' dir='ltr'>illum</span> <span class='ocrx_word' id='word_1_214' title='bbox 1235 3555 1266 3620; x_wconf 92' lang='lat' dir='ltr'>in</span> 
     </span>
     <span class='ocr_line' id='line_1_29' title="bbox 224 3639 1265 3728; baseline -0.001 -23"><span class='ocrx_word' id='word_1_215' title='bbox 224 3642 432 3728; x_wconf 87' lang='lat' dir='ltr'>sequentibus</span> <span class='ocrx_word' id='word_1_216' title='bbox 445 3642 653 3726; x_wconf 84' lang='lat' dir='ltr'>Athenogeni</span> <span class='ocrx_word' id='word_1_217' title='bbox 668 3642 847 3705; x_wconf 86' lang='lat' dir='ltr'>adscribere</span> <span class='ocrx_word' id='word_1_218' title='bbox 864 3642 987 3706; x_wconf 90' lang='lat' dir='ltr'>volunt.</span> <span class='ocrx_word' id='word_1_219' title='bbox 1032 3641 1085 3703; x_wconf 91' lang='lat' dir='ltr'>De</span> <span class='ocrx_word' id='word_1_220' title='bbox 1098 3639 1166 3705; x_wconf 86' lang='lat' dir='ltr'>alio</span> <span class='ocrx_word' id='word_1_221' title='bbox 1181 3640 1265 3704; x_wconf 91' lang='lat' dir='ltr'>enim</span> 
     </span>
     <span class='ocr_line' id='line_1_30' title="bbox 223 3725 1265 3814; baseline -0.001 -25"><span class='ocrx_word' id='word_1_222' title='bbox 223 3726 349 3814; x_wconf 90' lang='lat' dir='ltr'>hymno</span> <span class='ocrx_word' id='word_1_223' title='bbox 372 3727 528 3812; x_wconf 86' lang='lat' dir='ltr'>loquitur,</span> <span class='ocrx_word' id='word_1_224' title='bbox 551 3749 646 3812; x_wconf 92' lang='lat' dir='ltr'>quem</span> <span class='ocrx_word' id='word_1_225' title='bbox 671 3740 798 3790; x_wconf 87' lang='lat' dir='ltr'>sanctus</span> <span class='ocrx_word' id='word_1_226' title='bbox 820 3727 875 3790; x_wconf 91' lang='lat' dir='ltr'>ille</span> <span class='ocrx_word' id='word_1_227' title='bbox 897 3725 1051 3813; x_wconf 87' lang='lat' dir='ltr'>martyrio</span> <span class='ocrx_word' id='word_1_228' title='bbox 1075 3746 1133 3811; x_wconf 89' lang='lat' dir='ltr'>per</span> <span class='ocrx_word' id='word_1_229' title='bbox 1159 3725 1265 3811; x_wconf 88' lang='lat' dir='ltr'>ignem</span> 
     </span>
     <span class='ocr_line' id='line_1_31' title="bbox 227 3808 1265 3897; baseline -0.002 -21"><span class='ocrx_word' id='word_1_230' title='bbox 227 3811 310 3893; x_wconf 87' lang='lat' dir='ltr'>(vide</span> <span class='ocrx_word' id='word_1_231' title='bbox 333 3812 551 3897; x_wconf 86' lang='lat' dir='ltr'>Martyrolog.</span> <span class='ocrx_word' id='word_1_232' title='bbox 573 3814 709 3875; x_wconf 84' lang='lat' dir='ltr'><em>Roman.</em></span> <span class='ocrx_word' id='word_1_233' title='bbox 733 3811 774 3874; x_wconf 86' lang='lat' dir='ltr'><em>ad</em></span> <span class='ocrx_word' id='word_1_234' title='bbox 793 3812 877 3875; x_wconf 84' lang='lat' dir='ltr'>xviii.</span> <span class='ocrx_word' id='word_1_235' title='bbox 893 3811 978 3874; x_wconf 89' lang='lat' dir='ltr'>diem</span> <span class='ocrx_word' id='word_1_236' title='bbox 992 3808 1161 3892; x_wconf 72' lang='lat' dir='ltr'>ianuarii.)</span> <span class='ocrx_word' id='word_1_237' title='bbox 1181 3810 1265 3897; x_wconf 88' lang='lat' dir='ltr'><em>jam-</em></span> 
     </span>
     <span class='ocr_line' id='line_1_32' title="bbox 219 3894 1267 3984; baseline -0.004 -23"><span class='ocrx_word' id='word_1_238' title='bbox 219 3896 289 3984; x_wconf 87' lang='lat' dir='ltr'>jam</span> <span class='ocrx_word' id='word_1_239' title='bbox 306 3897 579 3961; x_wconf 86' lang='lat' dir='ltr'>consummandus</span> <span class='ocrx_word' id='word_1_240' title='bbox 592 3896 720 3974; x_wconf 88' lang='lat' dir='ltr'>cecinit,</span> <span class='ocrx_word' id='word_1_241' title='bbox 737 3911 770 3960; x_wconf 89' lang='lat' dir='ltr'>et</span> <span class='ocrx_word' id='word_1_242' title='bbox 787 3896 872 3982; x_wconf 87' lang='lat' dir='ltr'><em>apud</em></span> <span class='ocrx_word' id='word_1_243' title='bbox 893 3896 1014 3960; x_wconf 85' lang='lat' dir='ltr'>amicos</span> <span class='ocrx_word' id='word_1_244' title='bbox 1035 3894 1221 3980; x_wconf 87' lang='lat' dir='ltr'>reliquerat,</span> <span class='ocrx_word' id='word_1_245' title='bbox 1236 3895 1267 3959; x_wconf 91' lang='lat' dir='ltr'>iu</span> 
     </span>
     <span class='ocr_line' id='line_1_33' title="bbox 225 3980 1265 4069; baseline -0.004 -23"><span class='ocrx_word' id='word_1_246' title='bbox 225 4005 291 4069; x_wconf 91' lang='lat' dir='ltr'><em>quo</em></span> <span class='ocrx_word' id='word_1_247' title='bbox 306 3982 418 4048; x_wconf 84' lang='lat' dir='ltr'>eadem</span> <span class='ocrx_word' id='word_1_248' title='bbox 440 3981 480 4044; x_wconf 89' lang='lat' dir='ltr'>de</span> <span class='ocrx_word' id='word_1_249' title='bbox 504 3981 625 4067; x_wconf 87' lang='lat' dir='ltr'>Spiritu</span> <span class='ocrx_word' id='word_1_250' title='bbox 646 3982 765 4045; x_wconf 89' lang='lat' dir='ltr'>Sancto</span> <span class='ocrx_word' id='word_1_251' title='bbox 781 3982 877 4045; x_wconf 82' lang='lat' dir='ltr'><em>effata</em></span> <span class='ocrx_word' id='word_1_252' title='bbox 890 3980 1113 4045; x_wconf 86' lang='lat' dir='ltr'>occurrebant.</span> <span class='ocrx_word' id='word_1_253' title='bbox 1160 3980 1265 4043; x_wconf 90' lang='lat' dir='ltr'>Athe·</span> 
     </span>
     <span class='ocr_line' id='line_1_34' title="bbox 225 4064 1266 4154; baseline -0.004 -22"><span class='ocrx_word' id='word_1_254' title='bbox 225 4089 368 4154; x_wconf 86' lang='lat' dir='ltr'>nogenes</span> <span class='ocrx_word' id='word_1_255' title='bbox 390 4079 499 4131; x_wconf 86' lang='lat' dir='ltr'>autem</span> <span class='ocrx_word' id='word_1_256' title='bbox 523 4078 590 4130; x_wconf 87' lang='lat' dir='ltr'>erat</span> <span class='ocrx_word' id='word_1_257' title='bbox 613 4067 646 4129; x_wconf 89' lang='lat' dir='ltr'>S.</span> <span class='ocrx_word' id='word_1_258' title='bbox 670 4066 833 4131; x_wconf 88' lang='lat' dir='ltr'>Clementi</span> <span class='ocrx_word' id='word_1_259' title='bbox 854 4064 1074 4131; x_wconf 85' lang='lat' dir='ltr'>Alexandrino</span> <span class='ocrx_word' id='word_1_260' title='bbox 1096 4064 1266 4152; x_wconf 71' lang='grc' dir='ltr'><em>σύγχρονος,</em></span> 
     </span>
    </p>
   </div>
   <div class='ocr_carea' id='block_1_6' title="bbox 224 4150 1265 4240">
    <p class='ocr_par' dir='ltr' id='par_1_7' title="bbox 224 4150 1265 4240">
     <span class='ocr_line' id='line_1_35' title="bbox 224 4150 1265 4240; baseline -0.003 -22"><span class='ocrx_word' id='word_1_261' title='bbox 224 4154 318 4240; x_wconf 90' lang='lat' dir='ltr'>cujus</span> <span class='ocrx_word' id='word_1_262' title='bbox 334 4164 462 4219; x_wconf 86' lang='lat' dir='ltr'>aetatem</span> <span class='ocrx_word' id='word_1_263' title='bbox 477 4151 575 4239; x_wconf 86' lang='lat' dir='ltr'>longe</span> <span class='ocrx_word' id='word_1_264' title='bbox 590 4172 779 4238; x_wconf 84' lang='lat' dir='ltr'>exsuperare</span> <span class='ocrx_word' id='word_1_265' title='bbox 793 4151 918 4219; x_wconf 88' lang='lat' dir='ltr'>videtur</span> <span class='ocrx_word' id='word_1_266' title='bbox 933 4151 986 4217; x_wconf 87' lang='lat' dir='ltr'>hic</span> <span class='ocrx_word' id='word_1_267' title='bbox 1001 4150 1158 4238; x_wconf 90' lang='lat' dir='ltr'>hymnus,</span> <span class='ocrx_word' id='word_1_268' title='bbox 1172 4170 1265 4237; x_wconf 87' lang='lat' dir='ltr'>quem</span> 
     </span>
    </p>
   </div>
   <div class='ocr_carea' id='block_1_7' title="bbox 0 0 1344 4756">
    <p class='ocr_par' dir='ltr' id='par_1_8' title="bbox 0 0 1344 4756">
     <span class='ocr_line' id='line_1_36' title="bbox 0 0 1344 4756; baseline 0 1"><span class='ocrx_word' id='word_1_269' title='bbox 0 0 1344 4756; x_wconf 95' lang='lat' dir='ltr'> </span> 
     </span>
    </p>
   </div>
  </div>
 </body>
</html>
