2678 4756
266 301 319 368 m
339 302 373 367 s.
396 301 614 400 counntu
638 298 934 366 insensum.
1078 317 1120 386 35

74 479 103 519 “
117 483 192 557 post
203 471 449 552 Confessorum,
462 471 600 536 Maximi
614 486 648 535 et
661 471 834 548 sociorum,
847 471 985 535 reditum
999 471 1039 536 ad
1055 473 1118 536 Ec·

75 565 102 598 “
115 557 258 635 alesiam,
273 580 347 621 cum
367 559 564 622 Novatianus
581 559 649 644 jam
670 556 806 620 παύονται
825 578 862 619 uc
880 571 956 639 pene
971 557 1053 621 solus
1068 580 1117 621 re·

76 648 103 696 ‘.‘
117 643 281 706 mansisset
309 642 461 706 fratribus
490 643 634 728 quotidie
664 665 738 705 eum
769 641 988 705 deserentibus
1015 656 1049 706 et
1076 641 1118 707 ad

75 735 102 767 “
117 728 284 792 ecelesiam
309 728 518 792 redeuntibus
546 727 621 809 (vid.
649 727 699 789 lin.
725 727 839 790 borum
864 729 1117 812 excerptorum),
1182 736 1188 744 '

76 818 105 853 “
117 811 200 877 adeo
224 835 263 876 ue
277 812 442 898 aliquanto
457 827 530 898 post
542 812 720 898 superiores
732 812 883 896 epistolas
895 813 1012 895 scripta
1023 812 1118 877 fuit.”

79 897 164 961 Haec
183 835 248 961 ille.
289 899 386 961 Recte
408 912 516 962 autem
540 899 651 961 statuit
672 896 832 972 Valesius,
856 897 1030 960 Eusebium
1054 912 1118 961 tres

78 981 237 1046 duntaxat
251 982 393 1046 Cornelii
408 1004 571 1046 recensere
587 981 757 1066 epistolas3
782 980 894 1044 iisdem
912 983 942 1045 ui
958 983 1052 1045 fallor
1066 1005 1118 1046 ra·

77 1066 222 1130 tionibus
242 1066 405 1145 inductus,
426 1068 542 1153 quibus
567 1067 747 1130 Cotelerius
767 1066 807 1129 ad
825 1065 931 1149 Epist.
950 1067 1118 1152 Polycarpr'

79 1153 112 1234 ξ.
126 1166 157 1215 3.
180 1152 235 1216 ubi
256 1153 401 1237 pluribus
423 1152 578 1236 exemplis
597 1152 743 1216 adductis
763 1151 903 1214 ostendit
918 1153 963 1214 vir
976 1153 1118 1217 eruditus

79 1235 201 1300 deuna
220 1237 358 1322 epistola
377 1237 612 1322 interpretanda
635 1259 705 1300 esse·
726 1236 856 1299 Eusebii
871 1236 976 1312 verba,
993 1239 1119 1308 ἐπιςολαὶ

80 1320 244 1406 Κορνηλίου,
269 1337 306 1385 ut
328 1322 407 1386 vidit
430 1324 585 1407 vertitque
609 1322 676 1406 ipse
701 1321 933 1407 Hieronymus,
960 1322 1120 1386 Cornelius

78 1405 204 1488 scripsit
228 1405 391 1490 epistolam
411 1407 453 1471 ud
479 1406 693 1491 Fudium,·qui
717 1420 822 1469 tamen
847 1406 878 1469 in
900 1405 962 1468 alia
983 1407 1121 1491 epistola

79 1489 234 1554 Cornelio
255 1492 456 1555 attribuenda
478 1492 603 1556 erravit.
651 1492 742 1555 Idem
765 1490 852 1576 quod
875 1491 1034 1569 Valesius,
1060 1494 1120 1556 Fa·

80 1574 200 1638 bricius
223 1576 336 1640 statuit
360 1577 391 1639 in
418 1577 502 1640 notis
526 1577 567 1640 ad
592 1576 678 1640 aliud
705 1576 897 1660 Hieronymi
924 1590 1032 1660 caput,
1056 1577 1120 1641 hoc

79 1671 130 1723 est
148 1680 268 1724 txxrr.
312 1661 375 1724 Sed
396 1662 488 1724 aliter
507 1663 744 1738 l'illemontius,
766 1661 797 1723 in
816 1662 914 1724 Mem.
930 1661 1019 1726 Eccl.
1038 1665 1118 1726 Not.

79 1744 135 1807 xii.
157 1744 190 1807 in
216 1745 400 1823 Cornelium,
422 1760 453 1809 et
477 1746 624 1815 Valesius
650 1746 716 1832 ipse
742 1745 854 1808 Latine
881 1759 1026 1822 verterat,
1053 1743 1121 1830 epi·

78 1827 174 1892 stolae
192 1830 337 1894 Cornelii.
382 1831 493 1894 Simile
510 1847 616 1894 tamen
636 1832 839 1895 statuendum
857 1831 979 1895 videtur
994 1832 1035 1894 de
1050 1831 1119 1918 Cy·

78 1915 181 1998 priani
198 1928 294 2000 atque
309 1915 462 1979 Afrorum
479 1917 603 1991 litteris,
620 1938 716 2001 quam
734 1914 863 2001 quidem
879 1915 1048 2000 epistolam
1065 1939 1119 1997 vo-

78 2012 133 2063 cat
157 2000 290 2063 Rufinus
313 1998 427 2063 librum
450 2000 755 2087 magnificentissime
775 1999 935 2082 seriptum,
958 2023 1120 2086 quamque

78 2082 267 2167 imprudens
285 2085 502 2172 Hieronymus
516 2086 669 2149 Cornelio
685 2085 841 2148 attribuit.
864 2085 925 2147 vid.
941 2107 1036 2168 supra
1051 2101 1118 2152 not.

78 2169 119 2232 ad
137 2169 272 2232 Hieron:
309 2171 398 2234 Dum
420 2192 493 2234 vero
514 2171 654 2234 ostendit
668 2170 827 2245 Valesius,
840 2170 960 2233 Graeco
975 2191 1121 2234 sermone

77 2253 215 2337 scriptas
237 2254 332 2318 videri
357 2254 497 2318 Cornelii
515 2256 658 2403 primam
683 2254 812 2340 quidem
837 2275 874 2316 ac
899 2255 1024 2318 tertiam
1049 2256 1119 2355 epi·

76 2337 191 2414 stolas,
204 2338 284 2402 illud
307 2340 427 2402 interea
449 2340 512 2403 hau
557 2340 662 2425 capio,
682 2340 892 2425 quamobrem
915 2356 1044 2404 censeat
1065 2341 1120 2405 rlle

77 2423 249 2507 epistolam
266 2424 397 2487 alteram
413 2424 453 2487 de
473 2425 596 2510 Synodi
614 2425 750 2488 decretis
768 2424 881 2488 Latine
903 2426 1120 2510 conscriptam

77 2507 189 2584 fuisse,
213 2508 371 2593 siquidem
396 2531 507 2572 omnes
527 2508 567 2572 ad
592 2511 725 2573 Fabium
747 2509 909 2572 hominem
931 2511 1046 2574 Graece
1068 2511 1119 2573 lo·

75 2601 231 2676 quentem
247 2594 373 2678 seriptae
389 2614 458 2657 esse
474 2593 630 2672 videntur,
645 2609 677 2657 et
698 2595 753 2657 illa
772 2594 970 2679 synodorum
990 2595 1120 2659 decreta

76 2691 144 2740 tam
161 2677 193 2739 in
208 2678 311 2760 prima
325 2678 460 2762 epistola
474 2701 571 2764 quam
587 2679 619 2742 in
636 2679 777 2743 secunda
794 2679 897 2743 isthac
917 2702 1118 2743 commemo·

74 2763 242 2838 rabantur,
265 2762 322 2825 nisi
350 2777 518 2848 propterea
538 2762 578 2826 ad
601 2764 699 2827 alium
724 2785 819 2849 quem
844 2778 958 2848 praeter
983 2765 1118 2829 Fabium

74 2844 162 2908 banc
177 2847 350 2910 secundam
366 2849 494 2910 missam
511 2848 608 2912 fuisse
623 2850 793 2934 putaveris.
838 2849 889 2912 De
905 2849 994 2912 Fabii
1009 2863 1117 2913 autem

74 2930 184 2993 favore
197 2953 275 3016 erga
290 2947 395 3017 partes
415 2933 611 2996 Novatianas
632 2933 704 3018 plus
723 2932 843 3018 aliquid
858 2933 1035 2997 notandum
1050 2956 1119 2998 esse

74 3014 166 3078 duxi.
204 3016 383 3102 Dionysius
402 3018 648 3096 Alexandrinus,
662 3020 707 3080 ait
726 3019 884 3081 Eusebius
901 3018 957 3081 lib.
974 3019 1013 3080 vi.
1031 3019 1118 3082 Hist.

74 3120 106 3161 e.
116 3106 169 3162 46.
188 3101 331 3187 Κορνηλίῳ
344 3105 385 3186 τῷ
403 3107 478 3164 κατὰ
491 3101 597 3183 Ῥώμην
612 3102 723 3188 γράφοι
738 3103 878 3180 δεξάμενος
895 3107 966 3165 adra}
980 3107 1027 3177 τὴν
1042 3110 1118 3168 κατοὶ

74 3188 112 3246 τῦ
132 3185 252 3248 Nescire
275 3187 410 3263 ἔπιςολῆν·
434 3184 455 3270 ᾧ
477 3188 524 3249 καὶ
540 3188 664 3268 σημαίνει
681 3190 766 3263 δηλῶν
781 3191 875 3250 ἑαυτὸν
888 3194 1118 3270 stupescentibus

76 3269 174 3331 ύπύπι
187 3269 303 3334 Ἑλένου
317 3279 365 3334 τοῦ
379 3275 405 3333 ἓν
419 3272 525 3356 Τάρσῳ
539 3279 586 3348 τῆς
604 3271 736 3344 Κιλικίας
750 3277 909 3346 intonanti,
925 3274 972 3333 aul
987 3281 1041 3334 τῶν
1056 3287 1117 3335 λοι·
1183 3323 1186 3328 .

73 3361 135 3416 πῶν
147 3361 202 3418 τῶν
216 3356 265 3417 σὺν
279 3359 364 3441 αὐτῷ·
388 3357 571 3442 Φιρμιλιάνοο
585 3383 615 3419 τε
629 3364 677 3419 τοῦ
696 3362 722 3419 ἐν
736 3356 937 3440 Καππαδοκίᾳ,
952 3357 974 3440 οὲ
989 3363 1025 3418 τῦ
1041 3362 1118 3421 κατὰ

76 3439 255 3516 {immissa
270 3441 437 3519 &saarim
450 3445 485 3515 ὥς
506 3440 540 3503 οἷν
560 3444 602 3503 ἐπὶ
621 3447 669 3518 τὴν
689 3442 795 3504 σύνοδον
815 3443 964 3517 ἀπαντήσει
979 3445 1026 3519 τὴν
1041 3447 1118 3506 κοντοὶ

74 3523 266 3608 Ἀντιόχειαν,
280 3525 347 3588 ἔνθα
358 3535 408 3590 τοῦ
423 3525 543 3615 Nostius
559 3529 696 3613 κρατύνειν
709 3553 777 3599 τινες
792 3525 948 3612 ἐπεχείρουν
962 3529 994 3589 το
1008 3528 1117 3611 χύτρα·

74 3606 142 3692 πρὸς
155 3610 252 3682 τούτοις
266 3610 404 3682 ἑπιςέλλοι
419 3617 567 3693 paludibus
581 3616 657 3695 αὐτῷ
671 3610 777 3673 <uttan
791 3613 841 3692 μὲν
855 3617 1034 3691 assantibus·
1057 3621 1117 3692 Δη-

74 3696 224 3778 purgensis
238 3695 266 3755 t}
280 3694 407 3780 διάδοχον
422 3696 521 3759 ἐκείνου
533 3703 580 3772 τῆς
594 3700 669 3758 κατοὶ
682 3695 856 3780 Ἀνπιύχααν
871 3700 1017 3779 ἐπισκοπῆς
1029 3705 1119 3760 καθε-

74 3778 172 3850 ςάναι.
197 3777 250 3840 Ad
264 3801 336 3863 quae
352 3781 457 3857 verba,
471 3779 538 3842 ἔνθα
552 3785 587 3842 τύ
602 3781 721 3842 Noso'ars
737 3781 877 3866 κρατύνειν
891 3807 960 3854 τινες
974 3783 1118 3868 ἐπεχείρεον

73 3864 108 3925 τὸ
126 3861 239 3946 χίσμα,
255 3865 418 3949 Georgius
433 3864 602 3950 Syncellus
616 3866 657 3928 ad
678 3885 752 3949 pag.
766 3872 835 3928 365.
855 3866 1119 3951 Chroaogruplu'oe

74 3968 145 4011 suae
161 3946 296 4011 Fabium
312 3949 418 4034 ipsum
434 3950 674 4013 Antiochenmn
690 3951 878 4034 episcopum
893 3973 967 4014 curn
984 3949 1118 4016 fautori·

75 4032 140 4095 bus
163 4031 232 4095 istis
254 4034 425 4096 Novatiani
445 4035 622 4119 conjunxit.
667 4036 708 4096 Et
733 4036 889 4098 Eusebius
913 4035 1041 4119 quidem
1069 4037 1118 4100 in·

73 4128 177 4179 eunte
196 4119 302 4201 capite
315 4131 367 4182 44.
385 4119 488 4204 ejusd.
509 4119 564 4183 lib.
584 4119 624 4182 de
646 4119 745 4182 Fabio
766 4119 1043 4204 ὑποκατακλινομένῳ
1062 4147 1120 4195 ποις

75 4204 120 4286 τῷ
135 4201 265 4285 χίσματι
285 4205 414 4269 locutus
432 4205 538 4268 luerat
546 4226 557 4285 5
581 4203 651 4266 haec
665 4204 735 4291 ipsa
748 4217 856 4271 tamen
872 4205 966 4271 verba
978 4226 1118 4291 properi.

579 4308 603 4352 D
617 4302 636 4351 2
