2678 4756
267 579 650 691 DIONYSIUS
689 595 1055 694 ROMANUS.

529 865 805 910 ...φ-..-

269 1058 369 1130 Gua.
388 1058 535 1133 Cnvlus
555 1061 657 1134 Hert.
678 1060 755 1133 Lit.
778 1073 867 1134 tom.
881 1063 905 1134 i.
924 1090 960 1161 p.
977 1076 1059 1137 133.
1143 1034 1148 1046 α

142 1245 464 1369 DIONYSIUS,
493 1279 644 1378 origine,
672 1291 714 1352 ut
737 1279 872 1371 ferunt,
897 1235 1062 1374 Graecus,
1085 1287 1186 1379 λέγιὸε

137 1415 177 1471 ’τε
211 1401 259 1470 καὶ
289 1405 461 1494 θαυμάσιος
489 1406 571 1501 ἀνὴρ,
606 1415 698 1474 teste
725 1402 909 1502 Dionysio
935 1405 1186 1479 Alexandrino

146 1523 221 1621 (ap.
235 1522 372 1596 Euseb.
391 1525 455 1596 lib.
468 1524 528 1598 vii.
548 1550 625 1622 cap.
638 1526 690 1622 7.)
710 1526 871 1598 ecclesiae
891 1527 1069 1601 Romanae
1086 1555 1186 1627 pres-

145 1645 265 1743 byter,
290 1671 332 1717 ac
362 1645 494 1718 deinde
524 1649 570 1720 ab
596 1674 694 1719 anno
720 1661 792 1737 259
815 1648 1029 1748 episcopus;
1061 1651 1185 1723 sedem

145 1767 256 1840 istam
289 1768 410 1841 tenuit
443 1795 558 1864 usque
594 1769 640 1841 ad
684 1781 878 1842 exeuntem
923 1799 1064 1845 annum
1099 1762 1183 1862 269.

145 1889 331 1990 Dionysio
347 1891 598 1967 Alexandrino
616 1892 870 1964 haereticarum
897 1894 1115 1992 opinionum
1138 1896 1184 1966 ab

144 2016 325 2114 episcopis
343 2015 563 2112 quibusdam
581 2015 868 2113 Pentapolitanis
891 2016 988 2114 apud
1006 2042 1090 2103 eum
1110 2017 1186 2088 Ro·

147 2164 219 2211 mae
250 2155 417 2211 accusato
446 2138 630 2238 synodum
655 2139 786 2236 coegit,
814 2139 1019 2237 scriptaque
1049 2165 1115 2211 suo
1143 2165 1185 2212 ac
1218 2118 1231 2137 ⁸
1314 2192 1321 2203 ›

146 2261 280 2359 synodi
316 2262 465 2334 nomine
499 2261 666 2359 Epistola
698 2260 923 2359 Dionysium
958 2262 1089 2335 erroris
1122 2261 1186 2335 ad-

147 2382 251 2455 missi
285 2384 475 2456 certiorem
507 2384 606 2472 fecit,
634 2395 747 2479 utque
778 2385 1014 2483 semetipsum
1045 2412 1088 2458 eo
1116 2386 1187 2458 cri-

147 2504 249 2576 mine
277 2518 460 2603 purgaret‚
484 2505 600 2578 amice
624 2504 838 2579 admonuit:
866 2519 903 2580 et
923 2508 1072 2581 Sabellii
1097 2509 1188 2608 dog·

146 2640 247 2701 mata
263 2629 439 2702 confutat.
491 2628 606 2700 Extat
621 2627 867 2725 fragmentum
894 2631 991 2728 apud
1008 2631 1186 2706 Athanas.

104 2803 110 2815 ,
146 2748 206 2822 de'
218 2749 386 2832 Decretis
409 2750 550 2848 Synodi
574 2748 754 2822 Nicaenae.
799 2760 1061 2838 HaecCav1os3
1078 2760 1188 2824 defici·

144 2885 220 2936 ente
233 2873 265 2936 in
282 2872 343 2936 hac
359 2873 492 2960 quidem
510 2885 600 2959 parte
621 2873 655 2936 S.
673 2873 891 2958 Hieronym0,
909 2871 965 2957 qui
979 2870 1063 2935 inter
1079 2871 1187 2956 Scrip-

145 2970 325 3046 tores'suos
339 2982 427 3047 haud
441 2983 636 3070 Dionysium
652 2981 772 3068 posuit.
813 2982 922 3047 Quem
938 3001 1036 3066 porro
1051 2970 1187 3045 adduxit
1305 2987 1326 3073 Ἰ

100 3161 103 3175 Ι
144 3105 300 3178 tanquam
317 3092 469 3156 idoneum
481 3106 648 3157 auctorem
664 3091 860 3156 Athanasius
873 3089 1011 3175 fideique
1024 3087 1186 3174 optimum

144 3201 351 3287 magistrum,
373 3201 512 3266 eundem
537 3203 571 3264 S.
592 3179 729 3265 Basilius
754 3201 805 3263 M.
824 3212 997 3285 postquam
1022 3186 1186 3282 epistolum

144 3313 211 3396 ejus
225 3311 268 3373 od
282 3311 482 3395 Cappadocas
496 3310 698 3389 memoravit,
713 3311 777 3374 hoc
792 3309 955 3395 praeconio
969 3307 1070 3385 auxit,
1084 3308 1185 3371 Διονύ·

143 3444 204 3483 uror
218 3424 327 3499 ἐκεῖνον,
345 3421 392 3483 τὸν
408 3419 623 3508 μακαριώτατον
645 3418 804 3498 ἐπίσκοπον,
824 3420 896 3503 παρ’
912 3421 974 3498 ὑμῖν
990 3416 1035 3480 ivri
1053 3443 1085 3480 τε
1104 3417 1185 3504 ὀρθό-

143 3556 204 3608 τητι
218 3528 318 3603 aimus
332 3531 402 3616 ᾑτῇ
417 3535 496 3615 λοιπῇ
511 3533 594 3616 ἀρετῇ
608 3527 809 3612 διαπρέψαντα.
840 3526 945 3613 Epist.
958 3538 1007 3602 70.
1023 3526 1101 3590 olim
1115 3540 1185 3592 220.
1226 3542 1229 3553 '
1302 3545 1309 3558 '

143 3661 177 3726 p.
194 3646 261 3703 164.
277 3639 329 3704 ed.
344 3639 544 3703 Benedictin.
590 3640 716 3705 interea
731 3639 960 3723 Fragmentum
976 3634 1063 3722 apud
1076 3635 1185 3700 Atha·
1244 3700 1247 3707 ,

143 3749 269 3813 uasium
295 3748 430 3812 fortasse
457 3747 614 3836 particula
640 3769 705 3812 non
728 3759 778 3812 est
801 3745 947 3832 epistola
970 3745 1122 3833 Dionysii
1144 3741 1186 3810 ad
1312 3820 1319 3830 .

145 3857 398 3965 Cogpominem.

192 4251 282 4300 Ἴθι.
298 4251 362 4298 111.

1254 2468 1265 2515 Ι
