2678 4756
228 302 292 366 tat
566 292 927 375 ANNOTArlonrs

227 488 290 532 esse
308 463 477 552 parandam
493 463 728 550 baptizandam,
743 488 804 528 non
819 488 952 546 cornone,
968 465 1021 530 sed
1033 467 1174 532 animam
1188 466 1270 534 dizit

226 574 291 617 asse
312 575 372 616 noa
391 552 591 637 perdendam,
614 561 645 615 et
671 573 745 615 moa
768 563 879 616 natam
902 553 963 617 rite
987 551 1147 637 baptizari
1169 569 1269 640 porse,

227 659 297 703 oum
313 637 375 702 sais
409 637 571 701 uibusdom
584 636 765 721 coepiscopis
779 639 907 702 censuit.

227 754 230 759 ·
272 725 306 788 P.
322 735 373 800 77.
387 660 417 788 l.
436 737 482 787 10.
505 723 678 787 nativitatis
701 745 767 787 suae
789 737 864 788 ortu
886 724 1061 809 plorantes]
1088 723 1270 810 Scriptores

226 808 358 874 Ethnici
376 809 549 874 Infantium
566 809 666 873 modo
683 827 832 872 natorum
847 811 958 873 fletum
972 832 981 888 3
1004 810 1207 876 miseriarum
1220 832 1270 875 se·

226 895 355 981 quentis
377 895 449 958 vitae
471 915 565 959 omen
589 895 767 980 putabant:
792 894 975 982 Cyprianus
999 895 1111 980 pietati
1125 895 1270 974 ascribit,

226 993 262 1045 et
276 1001 336 1044 ceu
350 1001 483 1068 precum
497 980 730 1044 inarticulatam
747 981 920 1044 formulam
934 981 1153 1045 commendat.
1177 982 1268 1044 Far.-

229 1087 313 1130 aus.
356 1066 498 1153 Quidam
513 1087 552 1129 ex
570 1067 714 1151 patribus
729 1066 960 1143 Antenicaenis,
974 1067 1066 1154 cujus
1080 1081 1194 1131 maren
1208 1087 1268 1130 no··

225 1172 302 1217 men
317 1173 390 1216 mea
404 1151 524 1216 excidit
538 1151 705 1231 memoria,
718 1173 828 1215 recens
848 1165 999 1215 natorum
1015 1152 1141 1238 vagitus
1156 1151 1199 1216 ad
1212 1146 1269 1216 de·

224 1237 437 1325 plorationem
452 1238 578 1324 peceati
591 1259 758 1325 paenaeque
774 1238 908 1324 originis
922 1259 990 1302 suae
1005 1237 1189 1326 detorquet.

483 1475 671 1559 concis.
694 1492 929 1558 cananae.
951 1494 1011 1560 1v.

268 1662 355 1729 Ibid.
373 1665 396 1729 l.
416 1677 463 1729 18.
489 1661 649 1748 Epistola]
673 1662 808 1727 Certum
831 1674 880 1728 est
902 1663 986 1729 hane
1007 1612 1179 1765 epistolam
1200 1680 1270 1731 esse

225 1750 468 1838 responsionem
489 1749 530 1813 ad
549 1748 720 1834 epistolam
757 1771 832 1814 uam
851 1749 995 1836 episcopi
1016 1752 1078 1816 His
1102 1751 1157 1815 ani
1170 1751 1233 1816 scri

225 1850 334 1901 serant
349 1836 391 1902 ad
405 1837 504 1900 Afros
519 1836 550 1899 in
565 1856 662 1898 causa
675 1771 824 1899 Basilidis
837 1850 871 1900 et
885 1835 1057 1901 Martialis.
1079 1770 1213 1901 ltulla‘

225 1924 350 1988 mentio
365 1920 511 2008 epistolae
527 1921 569 1984 ab
585 1919 646 1984 illis
668 1919 795 2006 scriptae
815 1920 855 1984 ad
880 1923 1054 1986 Romanos.
1098 1923 1142 1986 Et
1160 1935 1270 1987 tamen

225 2008 396 2088 Batonius,
412 2008 468 2096 qui
483 2009 550 2072 vult
565 2007 675 2071 omnia
692 2006 898 2070 ecelesiarum
913 2008 1046 2093 negotia
1057 2008 1193 2073 vetustis
1206 2006 1270 2073 illis

226 2095 427 2183 temporibus
453 2094 554 2158 relata
578 2092 678 2156 luisse
701 2091 742 2155 ad
768 2094 898 2178 Papam,
923 2092 1085 2158 verisimili
1111 2107 1146 2158 et
1174 2093 1271 2158 vehe-

227 2181 329 2246 'rnenti
343 2202 377 2244 se
391 2180 468 2246 duci
480 2179 669 2265 conjectura
682 2177 727 2241 ait
740 2188 777 2241 ut
790 2177 951 2243 existimet
969 2179 1109 2243 Felicem
1123 2192 1160 2245 et
1174 2178 1270 2244 Sabi·

227 2287 306 2330 num
321 2266 491 2364 episcopos
507 2265 685 2349 Hispanos,
701 2263 757 2348 qui
771 2262 859 2326 missi
873 2264 1001 2328 fuerant
1015 2264 1048 2328 in
1061 2264 1222 2344 Africam,
1233 2276 1271 2331 nt

225 2351 273 2416 sic
290 2351 445 2437 Cypriam
460 2370 589 2437 quoque
603 2348 756 2433 suffragio
778 2370 836 2412 sua
854 2350 997 2434 ipsorum
1018 2349 1178 2415 electione
1192 2366 1270 2451 pro·

224 2436 313 2513 bata,
327 2434 401 2500 inde
417 2449 487 2500 tum
502 2434 601 2520 ipsius
616 2447 687 2498 tum
703 2433 839 2499 aliorum
856 2435 956 2519 ipsius
968 2435 1271 2522 collegarumlrtte·

225 2522 269 2587 ris
283 2521 402 2606 pariter
415 2518 607 2584 communiti
620 2521 758 2583 Romam
771 2519 811 2584 ad
825 2520 997 2584 refellenda
1010 2521 1161 2586 Basilidis
1175 2542 1269 2587 men-

225 2605 319 2672 dacia
333 2605 569 2693 adnavigarent,
585 2605 734 2690 sedisque
755 2605 941 2691 apostolicae
963 2607 1156 2672 auctoritate
1176 2629 1270 2672 com6

225 2704 395 2779 pascerent
415 2706 623 2756 contumaces
643 2691 699 2776 qui
720 2691 888 2777 Hispaniae
908 2692 1079 2792 episcopos
1098 2706 1270 2780 contemp·
1298 2731 1301 2736 ·

226 2779 353 2843 sissent.
396 2778 445 2841 At
459 2777 535 2864 quia
548 2777 625 2841 levis
640 2775 837 2862 conjectura,
853 2790 890 2841 ut
905 2779 1021 2842 Cicero
1035 2777 1092 2857 ait,
1108 2800 1175 2844 non
1187 2800 1268 2866 pen·

226 2863 325 2941 ditur,
339 2864 400 2927 ista
413 2864 496 2927 inter
509 2863 592 2926 leves
607 2863 838 2926 numerabitur.
861 2864 1074 2928 Bnauzrus.
1324 2901 1332 2909 ν

271 2949 355 3013 Ibid.
371 2948 393 3011 l.
407 2963 458 3012 22.
482 2947 680 3011 Nicomedes
697 2948 772 3031 δια]
789 2949 828 3010 In
849 2949 1012 3013 nonnullis
1031 2948 1121 3014 libris
1142 2948 1269 3034 scriptis

226 3049 262 3098 et
274 3035 307 3100 in
323 3033 414 3098 editt.
430 3033 565 3098 Pamelii
579 3044 612 3095 et
626 3031 762 3117 Rigaltii
777 3032 896 3097 omissa
909 3048 984 3099 sunt
998 3034 1130 3098 nomina
1143 3033 1270 3121 episco-

272 3143 356 3198 rum,
373 3141 446 3206 quae
462 3131 536 3204 post
550 3116 759 3204 Polycarpum
774 3118 826 3183 hic
840 3131 1026 3204 sequuntur.
1060 3119 1145 3184 Aliis
1159 3133 1269 3185 autem

225 3140 335 3272 listis
354 3205 479 3271 nullum
500 3216 616 3290 praeter
633 3202 789 3290 Cypriani
807 3226 924 3268 nomen
944 3204 1045 3285 adest,
1059 3204 1093 3268 in
1107 3205 1270 3292 plerisque

224 3304 334 3357 tamen
346 3291 514 3356 codicibus
525 3313 600 3355 cum
615 3288 741 3375 scriptis
755 3302 826 3354 tum
841 3290 1002 3376 antiquius
1016 3290 1182 3377 impressis
1194 3313 1269 3356 om·

226 3378 280 3442 nia
294 3378 364 3441 haec
380 3378 512 3441 nomina
528 3377 707 3460 signantur.

270 3463 357 3527 Ibid.
372 3463 396 3526 l.
410 3477 460 3540 29.
484 3460 678 3546 Legionem]
697 3459 785 3523 Urbs
800 3473 850 3525 est
868 3460 1035 3547 Hispaniae
1050 3461 1271 3526 Tarraconen·

226 3547 269 3613 sis
285 3547 448 3611 infinibus
464 3549 622 3610 Asturum
638 3566 657 3609 a
671 3547 779 3609 Nerva
795 3546 993 3631 Imperatore
1008 3546 1149 3625 condita,
1167 3547 1270 3632 quiet

227 3633 411 3699 Asturicam
427 3631 632 3709 instauravit,
655 3630 741 3695 unde
763 3653 803 3694 ex
819 3630 932 3696 vicinia
954 3654 1019 3696 non
1041 3631 1148 3696 minus
1170 3653 1270 3719 quam

227 3718 359 3805 querela
369 3728 454 3782 recte
467 3716 519 3781 hic
530 3716 774 3803 conjunguntur
784 3716 926 3782 civitates
938 3717 1008 3781 istae
1021 3730 1057 3782 ut
1071 3731 1104 3781 et
1115 3717 1269 3798 Emerita,

226 3803 305 3868 urbs
320 3802 469 3890 adjacens
483 3803 525 3866 ab
538 3803 693 3888 Augusto
710 3801 851 3866 condita.
896 3804 1024 3890 Quibus
1044 3802 1173 3867 additur
1194 3802 1269 3867 Ca·

227 3902 436 3989 sar-augusta
458 3887 533 3972 (vid.
555 3910 587 3973 p.
604 3889 668 3967 81.)
691 3887 804 3951 iisdem
823 3888 973 3973 auspiciis
994 3902 1127 3967 structa,
1151 3889 1270 3975 quibus

226 3974 359 4061 pessimi
382 3974 520 4059 exempli
545 3985 737 4038 attentatum
765 3973 926 4038 Martialis
947 3986 980 4036 et
1003 3973 1152 4038 Basilidis
1235 3993 1271 4040 re

227 4059 774 4148 periculuminduxerat.Fa1.1.us.
796 4061 880 4207 qpae
892 4059 989 4124 urbes
1000 4059 1164 4147 hodieque
1222 4082 1271 4141 on,

228 4146 379 4232 Astorga,
394 4144 534 4223 Merido,
549 4145 721 4232 Zarogoso,
736 4164 819 4230 appe
844 4157 949 4210 antur.
1086 4167 1089 4172 ·

228 4240 237 4277 ²·
270 4232 305 4297 P.
318 4243 371 4310 78.
391 4231 415 4300 1.
428 4245 460 4300 a.
485 4229 709 4320 coepiscopos]
734 4230 787 4297 Ita
806 4229 882 4298 libri
901 4230 1024 4299 'veteres
1044 4240 1080 4298 et
1100 4227 1271 4299 canona
