2678 4756
233 300 295 376 ,μ
567 287 948 356 annotationes·

231 455 333 521 ricem
347 452 531 541 enitantur]
551 456 713 542 Legerim,
735 479 955 544 nonnunquam
975 454 1098 535 accidit,
1119 466 1154 521 ut
1177 457 1273 523 etium

231 541 279 607 col
297 554 328 608 et
348 542 423 607 luna
437 541 566 610 inu'ccrn
584 543 630 626 (h.
643 565 671 607 e.
688 545 796 625 simul)
815 543 967 608 visantur.
1009 545 1045 606 ln
1070 543 1173 607 verbis
1197 554 1273 630 por·

231 646 280 708 ro,
295 652 366 716 quae
384 643 572 715 sequuntur,
589 630 722 693 forsitan
738 627 958 715 reponendum
982 640 1031 692 est
1056 638 1199 714 aspectus
1213 651 1273 716 pro

231 714 368 800 aspectu,
381 731 414 778 et
427 714 560 801 efficiant
575 737 633 800 pro
648 715 796 800 effictum.

275 801 310 863 P.
322 814 392 879 239.
406 801 428 864 l.
446 817 472 864 1.
495 801 622 865 Auctor
641 815 749 864 autem
772 802 871 865 totius
893 812 1046 865 creaturae
1064 801 1174 885 Jesus]
1196 801 1269 863 MS.

128 955 131 960 ,
230 884 386 972 efficiunt3
413 885 629 952 auctoritatem
653 887 747 950 tatius
771 898 925 950 meaturce
939 891 1049 973 justus
1073 887 1134 950 &o
1183 886 1270 949 Hinc

228 969 318 1058 lego,
331 972 483 1036 efficiunt.
506 972 624 1035 Auctor
638 983 742 1036 autern
757 974 857 1037 totius
872 987 1025 1038 creaturae
1042 970 1133 1035 istius
1141 997 1155 1049 ,-
1174 972 1270 1035 verbo

229 1079 413 1144 cognomen
429 1073 487 1121 est.
524 1056 598 1133 Vel,
613 1060 732 1121 Auctor
752 1069 854 1123 autern
875 1059 977 1124 totius
998 1072 1154 1122 creaturae
1167 1059 1268 1122 Jesus.

122 1192 125 1199 .
228 1143 282 1208 Sic
302 1166 410 1245 supra,
428 1146 540 1207 Homo
562 1143 710 1208 Christus
723 1146 814 1208 Jesus
833 1155 924 1208 autor
942 1167 1066 1208 eorum.
1101 1143 1190 1207 Vide
1206 1144 1268 1206 Ar-

228 1241 418 1309 temonrum,
440 1230 473 1293 id
494 1243 554 1308 est,
576 1230 759 1294 Samuelem
782 1230 951 1309 Crellium,
976 1230 1102 1294 Praefat.
1124 1250 1167 1315 pa
1196 1243 1267 1292 .21.

227 1327 302 1380 ante
320 1317 451 1380 Initium
467 1315 632 1402 Evangelii
647 1316 803 1380 Johannis
821 1317 880 1380 &o
896 1316 966 1380 haec
981 1337 1127 1402 perverse
1142 1251 1194 1379 ai
1207 1313 1266 1401 hy·

226 1401 376 1552 pothesin
399 1417 490 1465 suam
514 1402 705 1478 trahentem,
726 1416 759 1466 et
777 1418 1049 1488 corrumpentem.
1073 1402 1265 1464 Woauen.

247 1501 279 1551 ta
292 1488 334 1551 ab
350 1489 484 1566 Irenaeo,
497 1487 544 1552 vel
561 1487 694 1551 fortasse
712 1488 810 1552 etiam
832 1489 1012 1575 antiquiore
1026 1486 1138 1574 aliquo
1155 1485 1266 1552 Chris·

224 1573 325 1651 tiana,
344 1583 436 1657 pater
453 1572 575 1671 generis
595 1572 722 1636 lantoni
740 1575 919 1658 appellatur
937 1571 1065 1637 Verbum
1086 1565 1161 1637 Dei.
1192 1571 1264 1637 Vid.

224 1658 558 1727 limitaneorum.
573 1659 615 1721 al.
625 1674 675 1722 51.
687 1681 719 1744 p.
732 1674 800 1738 259.
813 1659 863 1723 ed.
881 1659 1051 1737 Massueti,
1059 1657 1110 1722 vel
1123 1679 1223 1745 supra
1233 1679 1263 1744 p.

224 1756 276 1808 54.
290 1744 353 1830 vol.
369 1745 434 1809 mei
451 1747 477 1808 1.
513 1745 621 1810 Verba
635 1759 755 1823 autem,
771 1745 988 1809 aoootorr‘tatorn
1004 1745 1099 1808 totius
1113 1754 1265 1808 creaturae

224 1829 258 1894 in
274 1830 416 1894 Caviano
436 1830 625 1917 apographo
650 1854 723 1896 cum
748 1832 964 1917 superioribus
985 1829 1162 1919 conjuncta
1183 1840 1264 1896 sunt.

222 1916 267 1981 Et
281 1917 327 1981 vir
341 1916 382 1981 cl.
398 1918 432 1981 P.
447 1915 685 2002 Wesselingius
700 1916 831 1981 Prolal.
847 1940 917 2002 cap.
930 1916 991 1980 xiv.
1005 1938 1081 2004 pag.
1097 1927 1167 1992 117.
1191 1937 1269 1981 cum·

223 2002 367 2074 nondum
383 2002 470 2066 edita
484 2018 552 2067 erat
566 2002 699 2089 egregia
714 2004 774 2066 ista
789 2003 939 2068 Walkeri
961 2004 1162 2080 con'ectura,
1177 2001 1264 2086 justa

224 2090 274 2153 vel
293 2088 415 2173 justius
441 2088 590 2174 primitus
617 2089 771 2175 scriptum
801 2090 898 2154 fuisse
924 2110 984 2175 pro
1004 2025 1114 2174 justus
1140 2087 1262 2152 statuit.

225 2174 312 2240 Cum
328 2197 402 2240 vero
417 2187 546 2260 propter
558 2174 718 2241 Victorini
733 2175 837 2253 verba,
853 2199 925 2261 quae
940 2182 1037 2261 supra
1049 2174 1091 2239 ad
1106 2195 1186 2260 pag.
1197 2179 1263 2238 236.

221 2259 392 2340 habentur,
407 2259 558 2325 Walkeri
573 2261 783 2360 posteriorem
799 2261 887 2325 illam
904 2260 1168 2325 emendationem
1182 2280 1262 2347 prae·

221 2346 384 2411 ferendam
402 2346 559 2423 duxerim,
575 2369 677 2433 ipsam
700 2346 787 2412 haud
807 2347 948 2411 dubitavi
968 2346 1044 2429 huic
1064 2345 1140 2411 loco
1164 2347 1262 2433 adpo·

223 2454 309 2497 nere.
355 2432 461 2517 Siquis
480 2446 588 2496 tamen
608 2432 757 2497 maluerit
774 2434 905 2497 alteram
921 2432 1023 2511 illam,
1038 2443 1146 2497 auctor
1162 2443 1263 2496 auten

224 2518 319 2582 totius
333 2527 485 2581 creaturae
499 2518 601 2598 istius,
618 2519 837 2604 reponendum
853 2518 933 2583 mihi
948 2519 1079 2606 quidem
1092 2517 1262 2597 videretur,

223 2603 342 2668 auctori
356 2615 472 2682 aroteno,
486 2625 545 2689 pro
562 2605 789 2669 auctoritatem.
819 2605 922 2669 Istius
945 2616 1109 2691 optaverat
1133 2602 1261 2691 quidem

223 2688 361 2754 Crellius
384 2710 443 2775 pro
460 2690 570 2773 justus
595 2712 761 2777 reponere,
785 2703 821 2754 ut
846 2691 1042 2770 emendaret,
1063 2689 1157 2754 istius
1179 2689 1261 2754 nerto

222 2797 385 2864 cognonen
407 2785 452 2838 cst
472 2775 511 2851 ei,
533 2775 566 2841 id
589 2792 637 2840 est
659 2777 689 2841 ei
709 2778 819 2855 verb0,
840 2775 929 2862 quod
952 2799 1047 2862 supra
1069 2775 1260 2841 memoravi·

222 2884 306 2938 mus,
331 2882 512 2946 cognomen
533 2874 581 2925 est
608 2863 738 2927 verbum
762 2863 836 2926 Dei.
881 2863 1008 2927 Etenim
1033 2883 1110 2926 cum
1132 2861 1176 2926 ad
1201 2862 1260 2925 hoc

220 2946 435 3032 probandum,
468 2946 633 3011 Christum
665 2949 795 3012 verbum
829 2948 892 3012 Dei
923 2948 1094 3026 nominari,
1122 2947 1260 3012 adducat

220 3033 406 3099 Victorinus
429 3032 538 3096 locum
561 3032 693 3097 Joan.=i.
714 3049 740 3098 1.
763 3047 949 3119 sequeretur
974 3056 1048 3098 eum
1075 3033 1208 3118 legisse,
1232 3041 1260 3096 et

220 3119 284 3185 Det'
298 3129 365 3182 erat
380 3117 514 3183 uerbum.
561 3121 610 3183 Ita
628 3119 782 3183 Crellium
799 3121 906 3183 locum
923 3120 1095 3197 refluxisse,
1111 3130 1145 3183 et
1167 3138 1261 3204 argu·

220 3217 400 3269 mentatum
421 3226 501 3281 esse,
519 3205 598 3268 mihi
620 3206 741 3282 retulit,
758 3220 928 3292 antequam
946 3205 1057 3268 Crellii
1074 3205 1195 3269 librum
1216 3203 1259 3268 vi·

220 3291 350 3368 dissem‚
360 3292 552 3370 Baraterius,
564 3291 596 3354 in
608 3291 899 3371 Anti-Arternonr'o,
912 3313 969 3355 seu
981 3289 1076 3354 Initio
1090 3288 1260 3391 Evangelii

218 3377 349 3442 Joannr's
369 3376 541 3455 Wadicato,
560 3378 641 3440 Part.
661 3379 688 3440 Ι.
708 3398 779 3464 cap.
800 3384 845 3440 16.
866 3380 896 3460 ξ.
910 3377 955 3440 iii.
974 3390 1090 3462 p.110.
1112 3376 1173 3441 ubi
1193 3396 1259 3463 ipse

218 3462 393 3548 legendum
409 3462 572 3548 proponit,
587 3462 645 3526 Isti
660 3462 747 3525 uerlo
763 3478 926 3550 cognomen
940 3472 985 3525 cst
1000 3461 1074 3525 Dco'.

265 3546 347 3611 Ibid.
371 3547 394 3610 l.
415 3563 444 3610 2.
479 3550 669 3611 Eructatunr
695 3559 740 3610 est
772 3571 823 3610 cor
849 3570 950 3612 meunt
979 3546 1102 3611 uerbum
1133 3545 1256 3631 bonurn]

150 3704 152 3708 Α
218 3634 325 3698 LXX.
347 3634 529 3719 Ἐξεςεύξατο
550 3640 565 3710 ἡ
590 3634 688 3721 καρδία
706 3658 748 3716 με
767 3634 851 3718 λόγον
866 3633 987 3718 ἀγαθόν.
1025 3632 1172 3718 Vulgata
1186 3632 1258 3719 qui-

218 3718 294 3783 dem
309 3716 417 3794 habet,
432 3720 598 3783 Eructavit
613 3741 775 3783 cormeum
789 3719 913 3783 uerlzun
927 3719 1047 3782 loonunr.
1081 3720 1116 3782 N
1118 3718 1260 3783 ihilomi-

218 3826 278 3869 nus
293 3826 332 3867 an
344 3804 540 3882 Victorinus,
554 3805 608 3890 qui
631 3818 761 3869 auctore
778 3806 988 3892 ¹Hieronymo
1007 3825 1103 3890 supra
1121 3805 1165 3868 ad
1184 3825 1259 3890 pag.

218 3902 288 3955 234.
310 3911 375 3953 non
397 3911 488 3976 aeque
509 3892 621 3954 Latine
636 3913 672 3954 ac
689 3892 802 3955 Graece
824 3904 952 3954 noverat
969 3891 1120 3969 scribere,
1136 3900 1263 3954 eructo*

220 3987 287 4040 tuno
309 3984 355 4039 ert
374 3996 432 4059 pro
453 3975 603 4039 eructavit
623 3976 777 4060 posuerit,
796 3999 835 4040 an
856 3976 977 4064 potius,
999 3998 1057 4040 cor
1075 3987 1258 4040 eructatum

118 4139 122 4149 .
219 4084 287 4128 esse
302 4059 501 4140 intellexerit,
516 4062 569 4125 alii
579 4060 737 4147 judicent.

263 4147 345 4211 Ibid.
358 4147 380 4210 l.
394 4160 424 4223 7.
442 4149 530 4233 Ergo
545 4148 668 4235 primus
682 4148 786 4212 factus
801 4148 874 4230 δια]
892 4146 1081 4233 Repositum
1096 4146 1139 4210 ad
1154 4168 1258 4232 marg.

220 4232 310 4297 Cavii
323 4245 385 4312 est,
400 4233 554 4298 Dominus
572 4255 630 4319 pro
652 4233 802 4300 hominis.
838 4233 1031 4319 Amplector
1053 4232 1256 4297 emendatio·

155 4386 157 4391 s
216 4339 302 4406 nem,
314 4331 420 4394 totum
432 4318 625 4386 verolocum
637 4319 684 4384 ita
697 4318 804 4405 legere
816 4318 923 4384 velim.
935 4320 1035 4412 *Ergo
1046 4317 1256 4406 primursac·
