<?xml version="1.0" encoding="UTF-8"?>
<!DOCTYPE html PUBLIC "-//W3C//DTD XHTML 1.0 Transitional//EN"
    "http://www.w3.org/TR/xhtml1/DTD/xhtml1-transitional.dtd">
<html xmlns="http://www.w3.org/1999/xhtml" xml:lang="en" lang="en">
 <head>
  <title>
</title>
<meta http-equiv="Content-Type" content="text/html;charset=utf-8" />
  <meta name='ocr-system' content='tesseract 3.04.00' />
  <meta name='ocr-capabilities' content='ocr_page ocr_carea ocr_par ocr_line ocrx_word'/>
</head>
<body>
  <div class='ocr_page' id='page_1' title='image "./reliquiaesacrae11routgoog_0432.png"; bbox 0 0 2678 4756; ppageno 0'>
   <div class='ocr_carea' id='block_1_1' title="bbox 72 257 1114 376">
    <p class='ocr_par' dir='ltr' id='par_1_1' title="bbox 72 257 1114 376">
     <span class='ocr_line' id='line_1_1' title="bbox 72 257 1114 376; baseline -0.003 -24"><span class='ocrx_word' id='word_1_1' title='bbox 72 373 74 376; x_wconf 5' lang='grc' dir='ltr'><em>Α</em></span> <span class='ocrx_word' id='word_1_2' title='bbox 141 270 150 281; x_wconf 73' lang='grc'><strong>“</strong></span> <span class='ocrx_word' id='word_1_3' title='bbox 185 290 237 357; x_wconf 83' lang='lat' dir='ltr'>m</span> <span class='ocrx_word' id='word_1_4' title='bbox 259 257 505 357; x_wconf 75' lang='lat' dir='ltr'>lucrumst</span> <span class='ocrx_word' id='word_1_5' title='bbox 530 287 740 355; x_wconf 79' lang='lat' dir='ltr'>concurr</span> <span class='ocrx_word' id='word_1_6' title='bbox 764 283 990 352; x_wconf 76' lang='lat' dir='ltr'>canones.</span> <span class='ocrx_word' id='word_1_7' title='bbox 1038 300 1114 371; x_wconf 83' lang='lat'>4¹9·</span> 
     </span>
    </p>
   </div>
   <div class='ocr_carea' id='block_1_2' title="bbox 53 448 1199 3348">
    <p class='ocr_par' dir='ltr' id='par_1_2' title="bbox 53 448 1199 3348">
     <span class='ocr_line' id='line_1_2' title="bbox 66 448 1100 547; baseline -0.004 -25"><span class='ocrx_word' id='word_1_8' title='bbox 66 463 92 503; x_wconf 81' lang='lat'><strong><em>“</em></strong></span> <span class='ocrx_word' id='word_1_9' title='bbox 106 457 134 522; x_wconf 82' lang='lat' dir='ltr'>ei</span> <span class='ocrx_word' id='word_1_10' title='bbox 156 457 188 522; x_wconf 93' lang='lat' dir='ltr'>in</span> <span class='ocrx_word' id='word_1_11' title='bbox 209 449 336 524; x_wconf 85' lang='lat' dir='ltr'>vetusto</span> <span class='ocrx_word' id='word_1_12' title='bbox 358 461 475 525; x_wconf 82' lang='lat' dir='ltr'>Graeco</span> <span class='ocrx_word' id='word_1_13' title='bbox 497 456 619 540; x_wconf 88' lang='lat' dir='ltr'>codice,</span> <span class='ocrx_word' id='word_1_14' title='bbox 641 480 707 547; x_wconf 92' lang='lat' dir='ltr'>quo</span> <span class='ocrx_word' id='word_1_15' title='bbox 721 452 805 523; x_wconf 75' lang='lat' dir='ltr'>¹usus</span> <span class='ocrx_word' id='word_1_16' title='bbox 826 448 893 535; x_wconf 73' lang='lat' dir='ltr'>est,</span> <span class='ocrx_word' id='word_1_17' title='bbox 906 456 939 520; x_wconf 93' lang='lat' dir='ltr'>hi</span> <span class='ocrx_word' id='word_1_18' title='bbox 962 476 1100 520; x_wconf 81' lang='lat' dir='ltr'>canones</span> 
     </span>
     <span class='ocr_line' id='line_1_3' title="bbox 66 542 1098 632; baseline -0.002 -26"><span class='ocrx_word' id='word_1_19' title='bbox 66 550 91 584; x_wconf 85' lang='lat'><strong>“</strong></span> <span class='ocrx_word' id='word_1_20' title='bbox 106 560 170 607; x_wconf 88' lang='lat' dir='ltr'>una</span> <span class='ocrx_word' id='word_1_21' title='bbox 184 545 360 632; x_wconf 87' lang='lat' dir='ltr'>eademque</span> <span class='ocrx_word' id='word_1_22' title='bbox 375 547 455 610; x_wconf 88' lang='lat' dir='ltr'>serie</span> <span class='ocrx_word' id='word_1_23' title='bbox 472 546 648 610; x_wconf 89' lang='lat' dir='ltr'>continuati</span> <span class='ocrx_word' id='word_1_24' title='bbox 669 546 802 609; x_wconf 85' lang='lat' dir='ltr'>luissent</span> <span class='ocrx_word' id='word_1_25' title='bbox 822 565 896 607; x_wconf 90' lang='lat' dir='ltr'>cum</span> <span class='ocrx_word' id='word_1_26' title='bbox 918 542 1098 629; x_wconf 81' lang='lat' dir='ltr'>prioribus?</span> 
     </span>
     <span class='ocr_line' id='line_1_4' title="bbox 66 628 1098 716; baseline -0.002 -24"><span class='ocrx_word' id='word_1_27' title='bbox 66 634 89 671; x_wconf 90' lang='lat'>“</span> <span class='ocrx_word' id='word_1_28' title='bbox 107 631 266 695; x_wconf 81' lang='lat' dir='ltr'>Firmutur</span> <span class='ocrx_word' id='word_1_29' title='bbox 287 632 394 696; x_wconf 88' lang='lat' dir='ltr'>adhuc</span> <span class='ocrx_word' id='word_1_30' title='bbox 421 632 491 695; x_wconf 85' lang='lat' dir='ltr'>haec</span> <span class='ocrx_word' id='word_1_31' title='bbox 519 633 599 695; x_wconf 87' lang='lat' dir='ltr'>ratio</span> <span class='ocrx_word' id='word_1_32' title='bbox 621 631 808 716; x_wconf 90' lang='lat' dir='ltr'>conjectura</span> <span class='ocrx_word' id='word_1_33' title='bbox 832 630 933 716; x_wconf 85' lang='lat' dir='ltr'>petita</span> <span class='ocrx_word' id='word_1_34' title='bbox 956 650 996 692; x_wconf 88' lang='lat' dir='ltr'>ex</span> <span class='ocrx_word' id='word_1_35' title='bbox 1020 628 1098 691; x_wconf 80' lang='lat' dir='ltr'>Act.</span> 
     </span>
     <span class='ocr_line' id='line_1_5' title="bbox 65 713 1099 782; baseline -0.001 -3"><span class='ocrx_word' id='word_1_36' title='bbox 65 720 91 755; x_wconf 89' lang='lat'><strong>“</strong></span> <span class='ocrx_word' id='word_1_37' title='bbox 108 735 191 781; x_wconf 66' lang='grc' dir='ltr'>Ην.</span> <span class='ocrx_word' id='word_1_38' title='bbox 218 716 357 781; x_wconf 87' lang='lat' dir='ltr'>Concilii</span> <span class='ocrx_word' id='word_1_39' title='bbox 383 716 537 782; x_wconf 91' lang='lat' dir='ltr'>Chalced.</span> <span class='ocrx_word' id='word_1_40' title='bbox 564 719 620 782; x_wconf 91' lang='lat' dir='ltr'>ubi</span> <span class='ocrx_word' id='word_1_41' title='bbox 648 715 878 781; x_wconf 79' lang='lat' dir='ltr'>Constantinus</span> <span class='ocrx_word' id='word_1_42' title='bbox 906 713 1099 778; x_wconf 82' lang='lat' dir='ltr'>Secretarius</span> 
     </span>
     <span class='ocr_line' id='line_1_6' title="bbox 65 800 1100 888; baseline -0.002 -23"><span class='ocrx_word' id='word_1_43' title='bbox 65 801 220 888; x_wconf 84' lang='lat' dir='ltr'>“relegit</span> <span class='ocrx_word' id='word_1_44' title='bbox 241 803 393 867; x_wconf 81' lang='lat' dir='ltr'>Nicaenos</span> <span class='ocrx_word' id='word_1_45' title='bbox 418 803 568 867; x_wconf 82' lang='lat' dir='ltr'>Canones</span> <span class='ocrx_word' id='word_1_46' title='bbox 587 825 627 866; x_wconf 85' lang='lat' dir='ltr'>ex</span> <span class='ocrx_word' id='word_1_47' title='bbox 647 803 769 879; x_wconf 89' lang='lat' dir='ltr'>codice,</span> <span class='ocrx_word' id='word_1_48' title='bbox 787 801 864 886; x_wconf 91' lang='lat' dir='ltr'>·[qui</span> <span class='ocrx_word' id='word_1_49' title='bbox 885 800 1100 885; x_wconf 84' lang='lat' dir='ltr'><strong>proculdubio</strong></span> 
     </span>
     <span class='ocr_line' id='line_1_7' title="bbox 65 886 1098 974; baseline -0.002 -24"><span class='ocrx_word' id='word_1_50' title='bbox 65 893 88 924; x_wconf 79' lang='lat'>‘⁶</span> <span class='ocrx_word' id='word_1_51' title='bbox 104 886 190 950; x_wconf 90' lang='lat' dir='ltr'>idem</span> <span class='ocrx_word' id='word_1_52' title='bbox 209 903 277 953; x_wconf 88' lang='lat' dir='ltr'>erat</span> <span class='ocrx_word' id='word_1_53' title='bbox 297 911 373 952; x_wconf 90' lang='lat' dir='ltr'>cum</span> <span class='ocrx_word' id='word_1_54' title='bbox 390 888 456 967; x_wconf 92' lang='lat' dir='ltr'>illo,</span> <span class='ocrx_word' id='word_1_55' title='bbox 473 910 512 952; x_wconf 86' lang='lat' dir='ltr'>ex</span> <span class='ocrx_word' id='word_1_56' title='bbox 527 909 592 973; x_wconf 91' lang='lat' dir='ltr'>quo</span> <span class='ocrx_word' id='word_1_57' title='bbox 606 889 759 974; x_wconf 81' lang='lat' dir='ltr'>leguntur</span> <span class='ocrx_word' id='word_1_58' title='bbox 774 886 922 950; x_wconf 86' lang='lat' dir='ltr'>Canones</span> <span class='ocrx_word' id='word_1_59' title='bbox 939 892 985 948; x_wconf 82' lang='lat'>16.</span> <span class='ocrx_word' id='word_1_60' title='bbox 999 899 1033 951; x_wconf 88' lang='lat' dir='ltr'>et</span> <span class='ocrx_word' id='word_1_61' title='bbox 1051 898 1098 960; x_wconf 86' lang='lat'>17.</span> 
     </span>
     <span class='ocr_line' id='line_1_8' title="bbox 64 970 1098 1060; baseline 0 -25"><span class='ocrx_word' id='word_1_62' title='bbox 64 973 226 1058; x_wconf 85' lang='lat' dir='ltr'>“Synod.</span> <span class='ocrx_word' id='word_1_63' title='bbox 255 974 450 1039; x_wconf 85' lang='lat' dir='ltr'>Antiochen.</span> <span class='ocrx_word' id='word_1_64' title='bbox 480 974 619 1037; x_wconf 91' lang='lat' dir='ltr'>Actione</span> <span class='ocrx_word' id='word_1_65' title='bbox 647 995 701 1039; x_wconf 84' lang='lat' dir='ltr'>x1.</span> <span class='ocrx_word' id='word_1_66' title='bbox 727 973 782 1060; x_wconf 90' lang='lat' dir='ltr'>qui</span> <span class='ocrx_word' id='word_1_67' title='bbox 807 970 993 1035; x_wconf 84' lang='lat' dir='ltr'>coincidunt</span> <span class='ocrx_word' id='word_1_68' title='bbox 1022 992 1098 1035; x_wconf 88' lang='lat' dir='ltr'>curn</span> 
     </span>
     <span class='ocr_line' id='line_1_9' title="bbox 65 1056 1152 1144; baseline -0.001 -24"><span class='ocrx_word' id='word_1_69' title='bbox 65 1059 89 1096; x_wconf 84' lang='lat'><strong>“</strong></span> <span class='ocrx_word' id='word_1_70' title='bbox 105 1056 187 1122; x_wconf 85' lang='lat' dir='ltr'>Cau.</span> <span class='ocrx_word' id='word_1_71' title='bbox 209 1079 296 1123; x_wconf 83' lang='lat' dir='ltr'>xcv.</span> <span class='ocrx_word' id='word_1_72' title='bbox 315 1072 349 1124; x_wconf 89' lang='lat' dir='ltr'>et</span> <span class='ocrx_word' id='word_1_73' title='bbox 369 1080 474 1124; x_wconf 85' lang='lat' dir='ltr'>xcvt.</span> <span class='ocrx_word' id='word_1_74' title='bbox 497 1059 581 1123; x_wconf 91' lang='lat' dir='ltr'>tituli</span> <span class='ocrx_word' id='word_1_75' title='bbox 603 1058 733 1135; x_wconf 89' lang='lat' dir='ltr'>codicis,</span> <span class='ocrx_word' id='word_1_76' title='bbox 755 1057 849 1143; x_wconf 90' lang='lat' dir='ltr'>plane</span> <span class='ocrx_word' id='word_1_77' title='bbox 866 1056 961 1144; x_wconf 88' lang='lat' dir='ltr'>juxta</span> <span class='ocrx_word' id='word_1_78' title='bbox 982 1057 1096 1120; x_wconf 88' lang='lat' dir='ltr'>seriem</span> <span class='ocrx_word' id='word_1_79' title='bbox 1150 1125 1152 1128; x_wconf 78' lang='lat'><em>.</em></span> 
     </span>
     <span class='ocr_line' id='line_1_10' title="bbox 64 1142 1096 1230; baseline -0.002 -24"><span class='ocrx_word' id='word_1_80' title='bbox 64 1149 311 1208; x_wconf 88' lang='lat' dir='ltr'>“numerorum</span> <span class='ocrx_word' id='word_1_81' title='bbox 333 1145 366 1208; x_wconf 92' lang='lat' dir='ltr'>in</span> <span class='ocrx_word' id='word_1_82' title='bbox 388 1144 499 1209; x_wconf 88' lang='lat' dir='ltr'>codiee</span> <span class='ocrx_word' id='word_1_83' title='bbox 521 1145 637 1207; x_wconf 88' lang='lat' dir='ltr'>Graeco</span> <span class='ocrx_word' id='word_1_84' title='bbox 657 1165 722 1230; x_wconf 91' lang='lat' dir='ltr'>quo</span> <span class='ocrx_word' id='word_1_85' title='bbox 741 1166 816 1208; x_wconf 88' lang='lat' dir='ltr'>usus</span> <span class='ocrx_word' id='word_1_86' title='bbox 834 1156 883 1206; x_wconf 89' lang='lat' dir='ltr'>est</span> <span class='ocrx_word' id='word_1_87' title='bbox 904 1142 1096 1230; x_wconf 86' lang='lat' dir='ltr'>Dionysius]</span> 
     </span>
     <span class='ocr_line' id='line_1_11' title="bbox 64 1228 1199 1316; baseline -0.003 -23"><span class='ocrx_word' id='word_1_88' title='bbox 64 1234 88 1268; x_wconf 91' lang='lat'>“</span> <span class='ocrx_word' id='word_1_89' title='bbox 102 1245 215 1314; x_wconf 84' lang='lat' dir='ltr'>postea</span> <span class='ocrx_word' id='word_1_90' title='bbox 228 1251 307 1310; x_wconf 17' lang='lat' dir='ltr'>enm,</span> <span class='ocrx_word' id='word_1_91' title='bbox 324 1230 405 1316; x_wconf 88' lang='lat' dir='ltr'>legit</span> <span class='ocrx_word' id='word_1_92' title='bbox 420 1230 568 1293; x_wconf 87' lang='lat' dir='ltr'>Canones</span> <span class='ocrx_word' id='word_1_93' title='bbox 585 1229 970 1314; x_wconf 89' lang='lat' dir='ltr'>Constantinopolitanos‚</span> <span class='ocrx_word' id='word_1_94' title='bbox 986 1228 1032 1292; x_wconf 91' lang='lat' dir='ltr'>sic</span> <span class='ocrx_word' id='word_1_95' title='bbox 1046 1229 1098 1292; x_wconf 89' lang='lat' dir='ltr'>iu·</span> <span class='ocrx_word' id='word_1_96' title='bbox 1197 1312 1199 1316; x_wconf 10' lang='grc' dir='ltr'><em>Α</em></span> 
     </span>
     <span class='ocr_line' id='line_1_12' title="bbox 64 1314 1099 1400; baseline 0.001 -23"><span class='ocrx_word' id='word_1_97' title='bbox 64 1319 88 1353; x_wconf 89' lang='grc'><strong>“</strong></span> <span class='ocrx_word' id='word_1_98' title='bbox 101 1314 192 1400; x_wconf 81' lang='lat' dir='ltr'>cipit,</span> <span class='ocrx_word' id='word_1_99' title='bbox 222 1315 407 1400; x_wconf 75' lang='lat' dir='ltr'>Synodicum</span> <span class='ocrx_word' id='word_1_100' title='bbox 435 1314 565 1379; x_wconf 79' lang='lat' dir='ltr'>Concilii</span> <span class='ocrx_word' id='word_1_101' title='bbox 593 1314 936 1398; x_wconf 82' lang='lat' dir='ltr'>Corrstarttluopolltoul.</span> <span class='ocrx_word' id='word_1_102' title='bbox 985 1315 1099 1395; x_wconf 82' lang='lat' dir='ltr'>Altera</span> 
     </span>
     <span class='ocr_line' id='line_1_13' title="bbox 63 1400 1098 1488; baseline 0.003 -26"><span class='ocrx_word' id='word_1_103' title='bbox 63 1404 87 1438; x_wconf 90' lang='lat'><strong>“</strong></span> <span class='ocrx_word' id='word_1_104' title='bbox 102 1400 185 1464; x_wconf 86' lang='lat' dir='ltr'>ratio</span> <span class='ocrx_word' id='word_1_105' title='bbox 200 1401 300 1486; x_wconf 89' lang='lat' dir='ltr'>petita</span> <span class='ocrx_word' id='word_1_106' title='bbox 314 1415 364 1465; x_wconf 89' lang='lat' dir='ltr'>est</span> <span class='ocrx_word' id='word_1_107' title='bbox 381 1424 399 1465; x_wconf 92' lang='lat' dir='ltr'>e</span> <span class='ocrx_word' id='word_1_108' title='bbox 415 1400 509 1465; x_wconf 89' lang='lat' dir='ltr'>titulo</span> <span class='ocrx_word' id='word_1_109' title='bbox 525 1401 653 1484; x_wconf 85' lang='lat' dir='ltr'>praefixo</span> <span class='ocrx_word' id='word_1_110' title='bbox 671 1401 858 1464; x_wconf 91' lang='lat' dir='ltr'>Canonibus</span> <span class='ocrx_word' id='word_1_111' title='bbox 871 1401 1050 1488; x_wconf 88' lang='lat' dir='ltr'>Ancyranis</span> <span class='ocrx_word' id='word_1_112' title='bbox 1064 1412 1098 1465; x_wconf 90' lang='lat' dir='ltr'>et</span> 
     </span>
     <span class='ocr_line' id='line_1_14' title="bbox 63 1485 1098 1572; baseline 0 -22"><span class='ocrx_word' id='word_1_113' title='bbox 63 1491 88 1523; x_wconf 93' lang='lat'><strong>“</strong></span> <span class='ocrx_word' id='word_1_114' title='bbox 103 1485 415 1550; x_wconf 85' lang='lat' dir='ltr'>Neocaesariensibus</span> <span class='ocrx_word' id='word_1_115' title='bbox 444 1487 476 1550; x_wconf 89' lang='lat' dir='ltr'>iu</span> <span class='ocrx_word' id='word_1_116' title='bbox 503 1487 626 1549; x_wconf 85' lang='lat' dir='ltr'>Graecis</span> <span class='ocrx_word' id='word_1_117' title='bbox 654 1487 897 1572; x_wconf 84' lang='lat' dir='ltr'>Exemplaribus</span> <span class='ocrx_word' id='word_1_118' title='bbox 925 1500 958 1550; x_wconf 88' lang='lat' dir='ltr'>et</span> <span class='ocrx_word' id='word_1_119' title='bbox 986 1485 1098 1550; x_wconf 87' lang='lat' dir='ltr'>codice</span> 
     </span>
     <span class='ocr_line' id='line_1_15' title="bbox 64 1570 1099 1656; baseline 0.001 -22"><span class='ocrx_word' id='word_1_120' title='bbox 64 1577 88 1610; x_wconf 90' lang='lat'><strong>“</strong></span> <span class='ocrx_word' id='word_1_121' title='bbox 105 1571 318 1656; x_wconf 83' lang='lat' dir='ltr'>Moguntino‚</span> <span class='ocrx_word' id='word_1_122' title='bbox 333 1586 366 1636; x_wconf 90' lang='lat' dir='ltr'>et</span> <span class='ocrx_word' id='word_1_123' title='bbox 380 1573 449 1635; x_wconf 86' lang='lat' dir='ltr'>aliis</span> <span class='ocrx_word' id='word_1_124' title='bbox 468 1570 590 1635; x_wconf 78' lang='lat' dir='ltr'>Latinis</span> <span class='ocrx_word' id='word_1_125' title='bbox 611 1572 806 1637; x_wconf 86' lang='lat' dir='ltr'>editionibus</span> <span class='ocrx_word' id='word_1_126' title='bbox 815 1597 824 1651; x_wconf 82' lang='lat'>3</span> <span class='ocrx_word' id='word_1_127' title='bbox 849 1573 905 1636; x_wconf 90' lang='lat' dir='ltr'>ubi</span> <span class='ocrx_word' id='word_1_128' title='bbox 928 1588 1015 1636; x_wconf 86' lang='lat' dir='ltr'>cum¹</span> <span class='ocrx_word' id='word_1_129' title='bbox 1029 1571 1099 1636; x_wconf 89' lang='lat' dir='ltr'>col-</span> 
     </span>
     <span class='ocr_line' id='line_1_16' title="bbox 63 1654 1098 1743; baseline 0.003 -24"><span class='ocrx_word' id='word_1_130' title='bbox 63 1654 237 1720; x_wconf 86' lang='lat' dir='ltr'>“lectores</span> <span class='ocrx_word' id='word_1_131' title='bbox 260 1658 354 1743; x_wconf 89' lang='lat' dir='ltr'>primi</span> <span class='ocrx_word' id='word_1_132' title='bbox 379 1658 487 1721; x_wconf 90' lang='lat' dir='ltr'>dicant</span> <span class='ocrx_word' id='word_1_133' title='bbox 511 1658 698 1743; x_wconf 83' lang='lat' dir='ltr'>praepositos</span> <span class='ocrx_word' id='word_1_134' title='bbox 723 1659 821 1723; x_wconf 85' lang='lat' dir='ltr'>fuisse</span> <span class='ocrx_word' id='word_1_135' title='bbox 843 1657 874 1721; x_wconf 93' lang='lat' dir='ltr'>in</span> <span class='ocrx_word' id='word_1_136' title='bbox 902 1658 964 1722; x_wconf 93' lang='lat' dir='ltr'>boc</span> <span class='ocrx_word' id='word_1_137' title='bbox 985 1657 1098 1722; x_wconf 90' lang='lat' dir='ltr'>codice</span> 
     </span>
     <span class='ocr_line' id='line_1_17' title="bbox 64 1740 1099 1829; baseline 0.002 -25"><span class='ocrx_word' id='word_1_138' title='bbox 64 1747 88 1782; x_wconf 87' lang='lat'>“</span> <span class='ocrx_word' id='word_1_139' title='bbox 104 1740 255 1806; x_wconf 83' lang='lat' dir='ltr'>Canones</span> <span class='ocrx_word' id='word_1_140' title='bbox 280 1744 432 1807; x_wconf 86' lang='lat' dir='ltr'>N-icaenos</span> <span class='ocrx_word' id='word_1_141' title='bbox 461 1757 591 1829; x_wconf 88' lang='lat' dir='ltr'>propter</span> <span class='ocrx_word' id='word_1_142' title='bbox 617 1745 844 1807; x_wconf 85' lang='lat' dir='ltr'>authoritatem</span> <span class='ocrx_word' id='word_1_143' title='bbox 873 1744 1099 1807; x_wconf 84' lang='lat' dir='ltr'>OEcumenicae</span> 
     </span>
     <span class='ocr_line' id='line_1_18' title="bbox 65 1827 1099 1914; baseline 0.001 -24"><span class='ocrx_word' id='word_1_144' title='bbox 65 1833 89 1866; x_wconf 89' lang='lat'><strong>“</strong></span> <span class='ocrx_word' id='word_1_145' title='bbox 104 1827 240 1914; x_wconf 74' lang='lat' dir='ltr'>synodi,</span> <span class='ocrx_word' id='word_1_146' title='bbox 256 1829 458 1892; x_wconf 88' lang='lat' dir='ltr'>manifestum</span> <span class='ocrx_word' id='word_1_147' title='bbox 480 1843 529 1892; x_wconf 89' lang='lat' dir='ltr'>est</span> <span class='ocrx_word' id='word_1_148' title='bbox 549 1829 689 1892; x_wconf 89' lang='lat' dir='ltr'>nondum</span> <span class='ocrx_word' id='word_1_149' title='bbox 712 1829 882 1894; x_wconf 89' lang='lat' dir='ltr'>secundam</span> <span class='ocrx_word' id='word_1_150' title='bbox 904 1828 1099 1893; x_wconf 91' lang='lat' dir='ltr'>OEcumeni·</span> 
     </span>
     <span class='ocr_line' id='line_1_19' title="bbox 64 1913 1095 1999; baseline 0.003 -24"><span class='ocrx_word' id='word_1_151' title='bbox 64 1920 175 1977; x_wconf 90' lang='lat' dir='ltr'>“cam</span> <span class='ocrx_word' id='word_1_152' title='bbox 190 1914 358 1999; x_wconf 89' lang='lat' dir='ltr'>Synodum</span> <span class='ocrx_word' id='word_1_153' title='bbox 374 1914 516 1984; x_wconf 86' lang='lat' dir='ltr'>habitam</span> <span class='ocrx_word' id='word_1_154' title='bbox 533 1914 641 1977; x_wconf 84' lang='lat' dir='ltr'>fuisse.</span> <span class='ocrx_word' id='word_1_155' title='bbox 685 1913 720 1977; x_wconf 92' lang='lat' dir='ltr'>Si</span> <span class='ocrx_word' id='word_1_156' title='bbox 735 1916 821 1978; x_wconf 85' lang='lat' dir='ltr'>enirn</span> <span class='ocrx_word' id='word_1_157' title='bbox 839 1914 987 1979; x_wconf 89' lang='lat' dir='ltr'>Canones</span> <span class='ocrx_word' id='word_1_158' title='bbox 1005 1914 1095 1978; x_wconf 90' lang='lat' dir='ltr'>Con-</span> 
     </span>
     <span class='ocr_line' id='line_1_20' title="bbox 64 1999 1100 2086; baseline 0.002 -25"><span class='ocrx_word' id='word_1_159' title='bbox 64 2005 88 2038; x_wconf 89' lang='lat'>“</span> <span class='ocrx_word' id='word_1_160' title='bbox 103 1999 378 2085; x_wconf 85' lang='lat' dir='ltr'>stantinopolitani</span> <span class='ocrx_word' id='word_1_161' title='bbox 398 2001 467 2086; x_wconf 90' lang='lat' dir='ltr'>jam</span> <span class='ocrx_word' id='word_1_162' title='bbox 493 1999 683 2078; x_wconf 81' lang='lat' dir='ltr'>extitissent,</span> <span class='ocrx_word' id='word_1_163' title='bbox 710 2021 786 2064; x_wconf 92' lang='lat' dir='ltr'>cum</span> <span class='ocrx_word' id='word_1_164' title='bbox 811 2001 896 2065; x_wconf 87' lang='lat' dir='ltr'>facta</span> <span class='ocrx_word' id='word_1_165' title='bbox 919 2011 1002 2063; x_wconf 88' lang='lat' dir='ltr'>esset</span> <span class='ocrx_word' id='word_1_166' title='bbox 1027 1999 1100 2064; x_wconf 88' lang='lat' dir='ltr'>haec</span> 
     </span>
     <span class='ocr_line' id='line_1_21' title="bbox 64 2084 1099 2170; baseline 0.003 -23"><span class='ocrx_word' id='word_1_167' title='bbox 64 2084 204 2169; x_wconf 86' lang='lat' dir='ltr'>“prima</span> <span class='ocrx_word' id='word_1_168' title='bbox 218 2085 378 2164; x_wconf 88' lang='lat' dir='ltr'>collectio,</span> <span class='ocrx_word' id='word_1_169' title='bbox 393 2105 544 2149; x_wconf 90' lang='lat' dir='ltr'>unacum</span> <span class='ocrx_word' id='word_1_170' title='bbox 560 2086 703 2149; x_wconf 83' lang='lat' dir='ltr'>Nicaenis</span> <span class='ocrx_word' id='word_1_171' title='bbox 722 2087 860 2170; x_wconf 83' lang='lat' dir='ltr'>priorem</span> <span class='ocrx_word' id='word_1_172' title='bbox 881 2084 988 2148; x_wconf 89' lang='lat' dir='ltr'>locum</span> <span class='ocrx_word' id='word_1_173' title='bbox 1011 2085 1099 2150; x_wconf 92' lang='lat' dir='ltr'>obti-</span> 
     </span>
     <span class='ocr_line' id='line_1_22' title="bbox 63 2169 1097 2257; baseline 0.001 -23"><span class='ocrx_word' id='word_1_174' title='bbox 63 2176 87 2209; x_wconf 90' lang='lat'>“</span> <span class='ocrx_word' id='word_1_175' title='bbox 103 2169 257 2257; x_wconf 80' lang='lat' dir='ltr'>nuissent,</span> <span class='ocrx_word' id='word_1_176' title='bbox 277 2193 351 2236; x_wconf 91' lang='lat' dir='ltr'>cum</span> <span class='ocrx_word' id='word_1_177' title='bbox 372 2170 451 2235; x_wconf 89' lang='lat' dir='ltr'>illud</span> <span class='ocrx_word' id='word_1_178' title='bbox 475 2169 657 2234; x_wconf 91' lang='lat' dir='ltr'>Concilium</span> <span class='ocrx_word' id='word_1_179' title='bbox 679 2193 738 2256; x_wconf 94' lang='lat' dir='ltr'>pro</span> <span class='ocrx_word' id='word_1_180' title='bbox 758 2171 977 2236; x_wconf 89' lang='lat' dir='ltr'>OEcumenico</span> <span class='ocrx_word' id='word_1_181' title='bbox 998 2170 1097 2235; x_wconf 84' lang='lat' dir='ltr'>etiam</span> 
     </span>
     <span class='ocr_line' id='line_1_23' title="bbox 63 2255 1098 2342; baseline 0.001 -23"><span class='ocrx_word' id='word_1_182' title='bbox 63 2261 88 2295; x_wconf 92' lang='lat'><strong>“</strong></span> <span class='ocrx_word' id='word_1_183' title='bbox 101 2255 282 2321; x_wconf 84' lang='lat' dir='ltr'>habitum.&#39;’</span> <span class='ocrx_word' id='word_1_184' title='bbox 305 2255 521 2341; x_wconf 76' lang='lat' dir='ltr'>Epistularum</span> <span class='ocrx_word' id='word_1_185' title='bbox 544 2255 698 2321; x_wconf 77' lang='grc' dir='ltr'><strong><em>Ποοονὶυνν.</em></strong></span> <span class='ocrx_word' id='word_1_186' title='bbox 718 2257 760 2321; x_wconf 81' lang='lat' dir='ltr'>xi.</span> <span class='ocrx_word' id='word_1_187' title='bbox 784 2280 815 2342; x_wconf 90' lang='lat' dir='ltr'>p.</span> <span class='ocrx_word' id='word_1_188' title='bbox 832 2269 883 2333; x_wconf 86' lang='lat'>27.</span> <span class='ocrx_word' id='word_1_189' title='bbox 921 2256 1043 2320; x_wconf 87' lang='lat' dir='ltr'>Confer</span> <span class='ocrx_word' id='word_1_190' title='bbox 1064 2267 1098 2320; x_wconf 90' lang='lat' dir='ltr'>et</span> 
     </span>
     <span class='ocr_line' id='line_1_24' title="bbox 63 2339 1099 2451; baseline -0.002 -44"><span class='ocrx_word' id='word_1_191' title='bbox 63 2339 191 2407; x_wconf 89' lang='lat' dir='ltr'>initium</span> <span class='ocrx_word' id='word_1_192' title='bbox 209 2342 355 2430; x_wconf 83' lang='lat' dir='ltr'>epistolae</span> <span class='ocrx_word' id='word_1_193' title='bbox 374 2342 415 2407; x_wconf 87' lang='lat' dir='ltr'>ad</span> <span class='ocrx_word' id='word_1_194' title='bbox 435 2341 539 2428; x_wconf 87' lang='lat' dir='ltr'>ipsum</span> <span class='ocrx_word' id='word_1_195' title='bbox 556 2341 717 2406; x_wconf 85' lang='lat' dir='ltr'>Wardum</span> <span class='ocrx_word' id='word_1_196' title='bbox 733 2341 773 2407; x_wconf 84' lang='lat' dir='ltr'>ad</span> <span class='ocrx_word' id='word_1_197' title='bbox 785 2363 821 2451; x_wconf 74' lang='grc' dir='ltr'>ρ.</span> <span class='ocrx_word' id='word_1_198' title='bbox 837 2356 883 2407; x_wconf 82' lang='lat'>18.</span> <span class='ocrx_word' id='word_1_199' title='bbox 919 2342 978 2406; x_wconf 92' lang='lat' dir='ltr'>Ait</span> <span class='ocrx_word' id='word_1_200' title='bbox 992 2344 1099 2405; x_wconf 85' lang='lat' dir='ltr'>Zona·</span> 
     </span>
     <span class='ocr_line' id='line_1_25' title="bbox 63 2425 1099 2514; baseline -0.001 -23"><span class='ocrx_word' id='word_1_201' title='bbox 63 2447 117 2492; x_wconf 74' lang='lat' dir='ltr'>ran</span> <span class='ocrx_word' id='word_1_202' title='bbox 132 2426 377 2492; x_wconf 86' lang='lat' dir='ltr'>Commentator</span> <span class='ocrx_word' id='word_1_203' title='bbox 388 2430 522 2491; x_wconf 88' lang='lat' dir='ltr'>Graecus</span> <span class='ocrx_word' id='word_1_204' title='bbox 534 2427 566 2490; x_wconf 87' lang='lat' dir='ltr'>in</span> <span class='ocrx_word' id='word_1_205' title='bbox 579 2425 830 2504; x_wconf 65' lang='lat' dir='ltr'>Scholia-Am</span> <span class='ocrx_word' id='word_1_206' title='bbox 845 2430 884 2506; x_wconf 83' lang='grc' dir='ltr'>δὲ,</span> <span class='ocrx_word' id='word_1_207' title='bbox 900 2434 914 2504; x_wconf 82' lang='grc' dir='ltr'><strong>ἡ</strong></span> <span class='ocrx_word' id='word_1_208' title='bbox 931 2431 957 2491; x_wconf 79' lang='grc' dir='ltr'>ἐν</span> <span class='ocrx_word' id='word_1_209' title='bbox 968 2427 1099 2514; x_wconf 74' lang='grc' dir='ltr'><strong><em>Ἀγκνίρρ</em></strong></span> 
     </span>
     <span class='ocr_line' id='line_1_26' title="bbox 61 2511 1194 2600; baseline -0.001 -23"><span class='ocrx_word' id='word_1_210' title='bbox 61 2518 97 2599; x_wconf 71' lang='grc' dir='ltr'>σῇ</span> <span class='ocrx_word' id='word_1_211' title='bbox 114 2513 278 2597; x_wconf 73' lang='grc' dir='ltr'><strong><em>μητροπόλει</em></strong></span> <span class='ocrx_word' id='word_1_212' title='bbox 296 2519 344 2591; x_wconf 81' lang='grc' dir='ltr'><strong><em>πῆς</em></strong></span> <span class='ocrx_word' id='word_1_213' title='bbox 361 2512 507 2587; x_wconf 73' lang='grc' dir='ltr'>Γαλατίας</span> <span class='ocrx_word' id='word_1_214' title='bbox 523 2517 635 2585; x_wconf 79' lang='grc' dir='ltr'><strong><em>συςᾶσα</em></strong></span> <span class='ocrx_word' id='word_1_215' title='bbox 655 2513 773 2591; x_wconf 76' lang='grc' dir='ltr'>σύνοδος,</span> <span class='ocrx_word' id='word_1_216' title='bbox 791 2511 981 2600; x_wconf 77' lang='grc' dir='ltr'><strong><em>προγεννςίρα</em></strong></span> <span class='ocrx_word' id='word_1_217' title='bbox 995 2513 1099 2590; x_wconf 74' lang='grc' dir='ltr'><strong><em>ίςδπῆς</em></strong></span> <span class='ocrx_word' id='word_1_218' title='bbox 1191 2586 1194 2592; x_wconf 36' lang='grc'><strong>,</strong></span> 
     </span>
     <span class='ocr_line' id='line_1_27' title="bbox 62 2597 1097 2687; baseline 0.002 -27"><span class='ocrx_word' id='word_1_219' title='bbox 62 2601 93 2662; x_wconf 75' lang='grc' dir='ltr'>δν</span> <span class='ocrx_word' id='word_1_220' title='bbox 113 2597 224 2686; x_wconf 74' lang='grc' dir='ltr'><strong><em>Ννκαίρ</em></strong></span> <span class='ocrx_word' id='word_1_221' title='bbox 246 2600 361 2687; x_wconf 72' lang='grc' dir='ltr'><strong><em>πρώτης</em></strong></span> <span class='ocrx_word' id='word_1_222' title='bbox 383 2603 553 2681; x_wconf 77' lang='grc' dir='ltr'><strong><em>οίκαμννικῆς</em></strong></span> <span class='ocrx_word' id='word_1_223' title='bbox 576 2599 904 2683; x_wconf 51' lang='lat' dir='ltr'>cornuumaueniens</span> <span class='ocrx_word' id='word_1_224' title='bbox 928 2601 955 2662; x_wconf 78' lang='grc' dir='ltr'>δὲ</span> <span class='ocrx_word' id='word_1_225' title='bbox 979 2603 1006 2661; x_wconf 75' lang='grc' dir='ltr'>ἐν</span> <span class='ocrx_word' id='word_1_226' title='bbox 1028 2602 1097 2685; x_wconf 75' lang='grc' dir='ltr'><strong><em>αὐτῇ</em></strong></span> 
     </span>
     <span class='ocr_line' id='line_1_28' title="bbox 61 2683 1097 2774; baseline 0.002 -28"><span class='ocrx_word' id='word_1_227' title='bbox 61 2683 180 2772; x_wconf 77' lang='grc' dir='ltr'><strong><em>παπίρες</em></strong></span> <span class='ocrx_word' id='word_1_228' title='bbox 195 2685 267 2771; x_wconf 81' lang='grc' dir='ltr'><strong><em>ίεροδ,</em></strong></span> <span class='ocrx_word' id='word_1_229' title='bbox 284 2683 318 2749; x_wconf 75' lang='grc' dir='ltr'>νίν</span> <span class='ocrx_word' id='word_1_230' title='bbox 332 2688 446 2774; x_wconf 73' lang='grc' dir='ltr'><strong><em>ἐξῆρχεν</em></strong></span> <span class='ocrx_word' id='word_1_231' title='bbox 460 2683 603 2758; x_wconf 81' lang='grc' dir='ltr'><strong><em>Ου’νπέλνος</em></strong></span> <span class='ocrx_word' id='word_1_232' title='bbox 617 2683 792 2769; x_wconf 74' lang='grc' dir='ltr'><strong><em>Ἀντιοχέίας</em></strong></span> <span class='ocrx_word' id='word_1_233' title='bbox 804 2691 852 2761; x_wconf 77' lang='grc' dir='ltr'><strong><em>πῆς</em></strong></span> <span class='ocrx_word' id='word_1_234' title='bbox 866 2685 980 2772; x_wconf 86' lang='grc' dir='ltr'><strong><em>Συρίας,</em></strong></span> <span class='ocrx_word' id='word_1_235' title='bbox 994 2687 1097 2769; x_wconf 84' lang='grc' dir='ltr'><strong><em>Ἀγρο-</em></strong></span> 
     </span>
     <span class='ocr_line' id='line_1_29' title="bbox 57 2767 1098 2858; baseline 0.002 -26"><span class='ocrx_word' id='word_1_236' title='bbox 57 2767 165 2844; x_wconf 79' lang='grc' dir='ltr'><strong><em>αίλαος</em></strong></span> <span class='ocrx_word' id='word_1_237' title='bbox 178 2770 350 2858; x_wconf 75' lang='grc' dir='ltr'><strong><em>Καισαρείας</em></strong></span> <span class='ocrx_word' id='word_1_238' title='bbox 363 2769 576 2848; x_wconf 83' lang='grc' dir='ltr'><strong><em>Καππαδοκίας,</em></strong></span> <span class='ocrx_word' id='word_1_239' title='bbox 589 2767 635 2845; x_wconf 68' lang='grc' dir='ltr'><strong><em>καί</em></strong></span> <span class='ocrx_word' id='word_1_240' title='bbox 648 2773 661 2832; x_wconf 85' lang='grc' dir='ltr'><strong>ὅ</strong></span> <span class='ocrx_word' id='word_1_241' title='bbox 675 2769 781 2856; x_wconf 79' lang='grc' dir='ltr'><strong><em>μάρτυς</em></strong></span> <span class='ocrx_word' id='word_1_242' title='bbox 792 2772 938 2846; x_wconf 83' lang='grc' dir='ltr'><strong><em>Βασίλαος</em></strong></span> <span class='ocrx_word' id='word_1_243' title='bbox 951 2768 1098 2848; x_wconf 73' lang='grc' dir='ltr'><strong><em>ἐπίσκοπος</em></strong></span> 
     </span>
     <span class='ocr_line' id='line_1_30' title="bbox 59 2854 1096 2944; baseline -0.002 -24"><span class='ocrx_word' id='word_1_244' title='bbox 59 2854 229 2938; x_wconf 77' lang='grc' dir='ltr'><strong><em>Ἀμασείας.</em></strong></span> <span class='ocrx_word' id='word_1_245' title='bbox 258 2861 284 2920; x_wconf 71' lang='grc' dir='ltr'>ἐν</span> <span class='ocrx_word' id='word_1_246' title='bbox 297 2861 357 2944; x_wconf 70' lang='grc' dir='ltr'>γὰρ</span> <span class='ocrx_word' id='word_1_247' title='bbox 376 2860 432 2930; x_wconf 85' lang='grc' dir='ltr'><strong><em>τοῖς</em></strong></span> <span class='ocrx_word' id='word_1_248' title='bbox 452 2859 581 2942; x_wconf 76' lang='grc' dir='ltr'>διωγμοῖς</span> <span class='ocrx_word' id='word_1_249' title='bbox 594 2863 648 2918; x_wconf 81' lang='grc' dir='ltr'>πῶν</span> <span class='ocrx_word' id='word_1_250' title='bbox 662 2859 817 2942; x_wconf 73' lang='grc' dir='ltr'><strong><em>Χςνςνανῶν</em></strong></span> <span class='ocrx_word' id='word_1_251' title='bbox 832 2863 951 2920; x_wconf 74' lang='grc' dir='ltr'><strong><em>πολλῶν</em></strong></span> <span class='ocrx_word' id='word_1_252' title='bbox 965 2860 1002 2936; x_wconf 77' lang='grc' dir='ltr'>μὴ</span> <span class='ocrx_word' id='word_1_253' title='bbox 1017 2856 1096 2934; x_wconf 75' lang='grc' dir='ltr'><strong><em>δυνη-</em></strong></span> 
     </span>
     <span class='ocr_line' id='line_1_31' title="bbox 61 2939 1096 3030; baseline 0 -27"><span class='ocrx_word' id='word_1_254' title='bbox 61 2939 165 3004; x_wconf 68' lang='grc' dir='ltr'><strong><em>θέντων</em></strong></span> <span class='ocrx_word' id='word_1_255' title='bbox 181 2941 268 3030; x_wconf 72' lang='grc' dir='ltr'><strong><em>μέχρι</em></strong></span> <span class='ocrx_word' id='word_1_256' title='bbox 284 2943 379 3017; x_wconf 84' lang='grc' dir='ltr'><strong><em>πίλους</em></strong></span> <span class='ocrx_word' id='word_1_257' title='bbox 396 2945 596 3028; x_wconf 75' lang='grc' dir='ltr'><strong><em>ἐγκαρτερῆσας</em></strong></span> <span class='ocrx_word' id='word_1_258' title='bbox 610 2943 673 3014; x_wconf 81' lang='grc' dir='ltr'><strong><em>ταῖς</em></strong></span> <span class='ocrx_word' id='word_1_259' title='bbox 692 2940 836 3020; x_wconf 73' lang='grc' dir='ltr'><strong><em>βασάνοις,</em></strong></span> <span class='ocrx_word' id='word_1_260' title='bbox 852 2943 919 3006; x_wconf 82' lang='grc' dir='ltr'><strong><em>ἀλλ’</em></strong></span> <span class='ocrx_word' id='word_1_261' title='bbox 934 2941 1096 3016; x_wconf 73' lang='grc' dir='ltr'><strong><em>ὑποκυψάν-</em></strong></span> 
     </span>
     <span class='ocr_line' id='line_1_32' title="bbox 56 3025 1097 3114; baseline -0.001 -25"><span class='ocrx_word' id='word_1_262' title='bbox 56 3049 128 3090; x_wconf 76' lang='grc' dir='ltr'><strong><em>σοον.</em></strong></span> <span class='ocrx_word' id='word_1_263' title='bbox 155 3025 216 3089; x_wconf 75' lang='lat' dir='ltr'>alra</span> <span class='ocrx_word' id='word_1_264' title='bbox 228 3035 306 3091; x_wconf 81' lang='grc' dir='ltr'><strong><em>πννὸνν</em></strong></span> <span class='ocrx_word' id='word_1_265' title='bbox 319 3026 504 3110; x_wconf 80' lang='grc' dir='ltr'><strong><em>μντανονίνπαν</em></strong></span> <span class='ocrx_word' id='word_1_266' title='bbox 526 3027 574 3089; x_wconf 79' lang='grc' dir='ltr'><strong><em>καί</em></strong></span> <span class='ocrx_word' id='word_1_267' title='bbox 594 3025 827 3114; x_wconf 71' lang='grc' dir='ltr'><strong><em>προσερχομένων</em></strong></span> <span class='ocrx_word' id='word_1_268' title='bbox 845 3053 877 3113; x_wconf 69' lang='grc' dir='ltr'>ης</span> <span class='ocrx_word' id='word_1_269' title='bbox 901 3027 1038 3111; x_wconf 76' lang='grc' dir='ltr'><strong><em>ἐκκλησίᾳ</em></strong></span> <span class='ocrx_word' id='word_1_270' title='bbox 1059 3030 1097 3101; x_wconf 77' lang='grc' dir='ltr'><strong><em>νίς</em></strong></span> 
     </span>
     <span class='ocr_line' id='line_1_33' title="bbox 53 3111 1096 3198; baseline 0 -24"><span class='ocrx_word' id='word_1_271' title='bbox 53 3111 222 3194; x_wconf 70' lang='grc' dir='ltr'><strong><em>μετάνοιαν,</em></strong></span> <span class='ocrx_word' id='word_1_272' title='bbox 238 3113 347 3195; x_wconf 76' lang='grc' dir='ltr'><strong><em>ζήτησις</em></strong></span> <span class='ocrx_word' id='word_1_273' title='bbox 361 3111 479 3197; x_wconf 71' lang='grc' dir='ltr'>ἐγένετο,</span> <span class='ocrx_word' id='word_1_274' title='bbox 494 3117 558 3186; x_wconf 75' lang='grc' dir='ltr'><strong><em>πῶς</em></strong></span> <span class='ocrx_word' id='word_1_275' title='bbox 570 3115 627 3198; x_wconf 64' lang='grc' dir='ltr'>χρὴ</span> <span class='ocrx_word' id='word_1_276' title='bbox 641 3111 702 3185; x_wconf 83' lang='grc' dir='ltr'><strong><em>τοὺς</em></strong></span> <span class='ocrx_word' id='word_1_277' title='bbox 716 3112 916 3197; x_wconf 76' lang='grc' dir='ltr'><strong><em>ἀρνησαμένους</em></strong></span> <span class='ocrx_word' id='word_1_278' title='bbox 932 3111 979 3174; x_wconf 84' lang='grc' dir='ltr'>πδν</span> <span class='ocrx_word' id='word_1_279' title='bbox 993 3113 1096 3198; x_wconf 85' lang='grc' dir='ltr'><strong><em>Χρνςδν</em></strong></span> 
     </span>
     <span class='ocr_line' id='line_1_34' title="bbox 61 3193 1096 3288; baseline -0.001 -28"><span class='ocrx_word' id='word_1_280' title='bbox 61 3222 93 3260; x_wconf 77' lang='grc' dir='ltr'>ον</span> <span class='ocrx_word' id='word_1_281' title='bbox 163 3196 171 3221; x_wconf 90' lang='lat'><em>&#39;</em></span> <span class='ocrx_word' id='word_1_282' title='bbox 196 3202 276 3280; x_wconf 74' lang='grc' dir='ltr'><strong><em>ιθαρ,</em></strong></span> <span class='ocrx_word' id='word_1_283' title='bbox 287 3199 309 3286; x_wconf 57' lang='grc' dir='ltr'>ᾖ</span> <span class='ocrx_word' id='word_1_284' title='bbox 322 3199 383 3288; x_wconf 71' lang='grc' dir='ltr'>περὶ</span> <span class='ocrx_word' id='word_1_285' title='bbox 395 3197 485 3263; x_wconf 78' lang='grc' dir='ltr'><strong><em>πίτνον</em></strong></span> <span class='ocrx_word' id='word_1_286' title='bbox 497 3205 513 3282; x_wconf 77' lang='grc' dir='ltr'><strong>ἡ</strong></span> <span class='ocrx_word' id='word_1_287' title='bbox 526 3198 631 3274; x_wconf 85' lang='grc' dir='ltr'><strong><em>σίνοδος</em></strong></span> <span class='ocrx_word' id='word_1_288' title='bbox 644 3193 713 3275; x_wconf 68' lang='grc' dir='ltr'><strong><em>αὕτη</em></strong></span> <span class='ocrx_word' id='word_1_289' title='bbox 728 3195 841 3273; x_wconf 79' lang='grc' dir='ltr'><strong><em>κανόνας</em></strong></span> <span class='ocrx_word' id='word_1_290' title='bbox 855 3198 976 3277; x_wconf 68' lang='grc' dir='ltr'>ἐξέθετο,</span> <span class='ocrx_word' id='word_1_291' title='bbox 990 3196 1018 3260; x_wconf 81' lang='lat' dir='ltr'>ol</span> <span class='ocrx_word' id='word_1_292' title='bbox 1027 3195 1096 3274; x_wconf 78' lang='grc' dir='ltr'><strong><em>τονίς</em></strong></span> 
     </span>
     <span class='ocr_line' id='line_1_35' title="bbox 61 3286 794 3348; baseline 0.001 -3"><span class='ocrx_word' id='word_1_293' title='bbox 61 3286 157 3347; x_wconf 75' lang='grc' dir='ltr'><strong><em>νίσννο</em></strong></span> <span class='ocrx_word' id='word_1_294' title='bbox 191 3306 227 3348; x_wconf 90' lang='grc' dir='ltr'>ον.</span> <span class='ocrx_word' id='word_1_295' title='bbox 792 3329 794 3333; x_wconf 29' lang='grc' dir='ltr'>ψ</span> 
     </span>
    </p>
   </div>
   <div class='ocr_carea' id='block_1_3' title="bbox 447 3451 783 3538">
    <p class='ocr_par' dir='ltr' id='par_1_3' title="bbox 447 3451 783 3538">
     <span class='ocr_line' id='line_1_36' title="bbox 447 3451 783 3538; baseline 0.003 -2"><span class='ocrx_word' id='word_1_296' title='bbox 447 3469 634 3538; x_wconf 69' lang='lat' dir='ltr'>canon</span> <span class='ocrx_word' id='word_1_297' title='bbox 662 3453 689 3537; x_wconf 87' lang='lat'>1.</span> <span class='ocrx_word' id='word_1_298' title='bbox 782 3451 783 3454; x_wconf 67' lang='lat'>‘</span> 
     </span>
    </p>
   </div>
   <div class='ocr_carea' id='block_1_4' title="bbox 57 3618 1136 4370">
    <p class='ocr_par' dir='ltr' id='par_1_4' title="bbox 57 3618 1136 4298">
     <span class='ocr_line' id='line_1_37' title="bbox 106 3618 1136 3704; baseline 0.008 -22"><span class='ocrx_word' id='word_1_299' title='bbox 106 3618 141 3683; x_wconf 88' lang='grc' dir='ltr'>Ρ.</span> <span class='ocrx_word' id='word_1_300' title='bbox 152 3631 221 3683; x_wconf 79' lang='lat'>405.</span> <span class='ocrx_word' id='word_1_301' title='bbox 235 3618 263 3683; x_wconf 90' lang='lat' dir='ltr'>l.</span> <span class='ocrx_word' id='word_1_302' title='bbox 273 3637 304 3699; x_wconf 85' lang='lat'>9.</span> <span class='ocrx_word' id='word_1_303' title='bbox 327 3619 388 3684; x_wconf 75' lang='grc' dir='ltr'><strong><em>εἶτα</em></strong></span> <span class='ocrx_word' id='word_1_304' title='bbox 406 3619 672 3704; x_wconf 76' lang='grc' dir='ltr'><strong><em>ἄναπαλαίσαντας]</em></strong></span> <span class='ocrx_word' id='word_1_305' title='bbox 693 3623 754 3686; x_wconf 87' lang='lat' dir='ltr'>Pto</span> <span class='ocrx_word' id='word_1_306' title='bbox 772 3623 1095 3702; x_wconf 73' lang='grc' dir='ltr'><strong><em>ἰπαναλαπαλαίοανπας</em></strong></span> <span class='ocrx_word' id='word_1_307' title='bbox 1135 3663 1136 3667; x_wconf 65' lang='lat'>,</span> 
     </span>
     <span class='ocr_line' id='line_1_38' title="bbox 60 3704 1095 3785; baseline 0.007 -17"><span class='ocrx_word' id='word_1_308' title='bbox 60 3704 223 3769; x_wconf 88' lang='lat' dir='ltr'>Harduini</span> <span class='ocrx_word' id='word_1_309' title='bbox 243 3720 433 3770; x_wconf 89' lang='lat' dir='ltr'>caeterorum</span> <span class='ocrx_word' id='word_1_310' title='bbox 458 3728 498 3770; x_wconf 89' lang='lat' dir='ltr'>ue</span> <span class='ocrx_word' id='word_1_311' title='bbox 517 3707 655 3772; x_wconf 90' lang='lat' dir='ltr'>lectione</span> <span class='ocrx_word' id='word_1_312' title='bbox 677 3706 739 3772; x_wconf 89' lang='lat' dir='ltr'>hoc</span> <span class='ocrx_word' id='word_1_313' title='bbox 760 3709 1008 3785; x_wconf 78' lang='grc' dir='ltr'><strong><em>ἀναπαλαίοαντας</em></strong></span> <span class='ocrx_word' id='word_1_314' title='bbox 1025 3711 1095 3775; x_wconf 90' lang='lat' dir='ltr'>edi·</span> 
     </span>
     <span class='ocr_line' id='line_1_39' title="bbox 59 3729 1094 3878; baseline 0.008 -24"><span class='ocrx_word' id='word_1_315' title='bbox 59 3788 152 3855; x_wconf 83' lang='lat' dir='ltr'>derat</span> <span class='ocrx_word' id='word_1_316' title='bbox 171 3792 362 3878; x_wconf 85' lang='lat' dir='ltr'>Beveregius</span> <span class='ocrx_word' id='word_1_317' title='bbox 382 3791 416 3856; x_wconf 91' lang='lat' dir='ltr'>in</span> <span class='ocrx_word' id='word_1_318' title='bbox 431 3729 579 3878; x_wconf 61' lang='lat' dir='ltr'>lyuodico</span> <span class='ocrx_word' id='word_1_319' title='bbox 599 3793 663 3856; x_wconf 86' lang='lat' dir='ltr'>sive</span> <span class='ocrx_word' id='word_1_320' title='bbox 678 3793 843 3858; x_wconf 83' lang='lat' dir='ltr'>Pondectis</span> <span class='ocrx_word' id='word_1_321' title='bbox 860 3796 1018 3860; x_wconf 79' lang='grc' dir='ltr'><strong><em>Οαννοκαυν</em></strong></span> <span class='ocrx_word' id='word_1_322' title='bbox 1035 3797 1094 3862; x_wconf 84' lang='lat' dir='ltr'>SS.</span> 
     </span>
     <span class='ocr_line' id='line_1_40' title="bbox 58 3875 1095 3967; baseline 0.008 -27"><span class='ocrx_word' id='word_1_323' title='bbox 58 3875 171 3960; x_wconf 79' lang='lat' dir='ltr'>Apott.</span> <span class='ocrx_word' id='word_1_324' title='bbox 188 3886 219 3941; x_wconf 81' lang='lat' dir='ltr'>et</span> <span class='ocrx_word' id='word_1_325' title='bbox 235 3876 439 3941; x_wconf 76' lang='lat' dir='ltr'>conciliorum</span> <span class='ocrx_word' id='word_1_326' title='bbox 461 3879 521 3941; x_wconf 76' lang='lat' dir='ltr'>lec.</span> <span class='ocrx_word' id='word_1_327' title='bbox 543 3877 632 3964; x_wconf 91' lang='lat' dir='ltr'>quod</span> <span class='ocrx_word' id='word_1_328' title='bbox 653 3878 884 3944; x_wconf 86' lang='lat' dir='ltr'>confirmabant</span> <span class='ocrx_word' id='word_1_329' title='bbox 904 3892 1037 3967; x_wconf 79' lang='lat' dir='ltr'>quatuor</span> <span class='ocrx_word' id='word_1_330' title='bbox 1055 3905 1095 3948; x_wconf 77' lang='lat' dir='ltr'>ex</span> 
     </span>
     <span class='ocr_line' id='line_1_41' title="bbox 58 3960 1093 4056; baseline 0.007 -32"><span class='ocrx_word' id='word_1_331' title='bbox 58 3971 126 4025; x_wconf 79' lang='lat' dir='ltr'>octo</span> <span class='ocrx_word' id='word_1_332' title='bbox 141 3960 203 4026; x_wconf 85' lang='lat' dir='ltr'>illis</span> <span class='ocrx_word' id='word_1_333' title='bbox 218 3963 328 4029; x_wconf 83' lang='lat' dir='ltr'>MStis</span> <span class='ocrx_word' id='word_1_334' title='bbox 343 3963 533 4040; x_wconf 75' lang='lat' dir='ltr'>Bodleiani5‚</span> <span class='ocrx_word' id='word_1_335' title='bbox 549 3984 630 4050; x_wconf 81' lang='lat' dir='ltr'>quos</span> <span class='ocrx_word' id='word_1_336' title='bbox 649 3962 680 4027; x_wconf 92' lang='lat' dir='ltr'>in</span> <span class='ocrx_word' id='word_1_337' title='bbox 702 3963 798 4051; x_wconf 89' lang='lat' dir='ltr'>hujus</span> <span class='ocrx_word' id='word_1_338' title='bbox 811 3983 844 4030; x_wconf 89' lang='lat' dir='ltr'>et</span> <span class='ocrx_word' id='word_1_339' title='bbox 859 3969 1021 4052; x_wconf 85' lang='lat' dir='ltr'>sequentis</span> <span class='ocrx_word' id='word_1_340' title='bbox 1037 3990 1093 4056; x_wconf 86' lang='lat' dir='ltr'>sy·</span> 
     </span>
     <span class='ocr_line' id='line_1_42' title="bbox 59 4045 1117 4139; baseline 0.008 -29"><span class='ocrx_word' id='word_1_341' title='bbox 59 4045 139 4111; x_wconf 89' lang='lat' dir='ltr'>nodi</span> <span class='ocrx_word' id='word_1_342' title='bbox 158 4048 336 4114; x_wconf 82' lang='lat' dir='ltr'>canonibus</span> <span class='ocrx_word' id='word_1_343' title='bbox 356 4049 554 4114; x_wconf 84' lang='lat' dir='ltr'>recensendis</span> <span class='ocrx_word' id='word_1_344' title='bbox 574 4047 717 4128; x_wconf 86' lang='lat' dir='ltr'>adhibui,</span> <span class='ocrx_word' id='word_1_345' title='bbox 731 4064 764 4114; x_wconf 91' lang='lat' dir='ltr'>et</span> <span class='ocrx_word' id='word_1_346' title='bbox 778 4072 874 4136; x_wconf 83' lang='lat' dir='ltr'>supra</span> <span class='ocrx_word' id='word_1_347' title='bbox 888 4052 921 4116; x_wconf 91' lang='lat' dir='ltr'>in</span> <span class='ocrx_word' id='word_1_348' title='bbox 935 4053 998 4117; x_wconf 85' lang='lat' dir='ltr'>vol.</span> <span class='ocrx_word' id='word_1_349' title='bbox 1011 4053 1044 4118; x_wconf 90' lang='lat' dir='ltr'>ii.</span> <span class='ocrx_word' id='word_1_350' title='bbox 1059 4075 1092 4139; x_wconf 89' lang='lat' dir='ltr'>p.</span> <span class='ocrx_word' id='word_1_351' title='bbox 1111 4061 1117 4069; x_wconf 85' lang='grc'><em>“</em></span> 
     </span>
     <span class='ocr_line' id='line_1_43' title="bbox 58 4131 1098 4223; baseline 0.006 -27"><span class='ocrx_word' id='word_1_352' title='bbox 58 4145 131 4197; x_wconf 83' lang='lat'>411.</span> <span class='ocrx_word' id='word_1_353' title='bbox 150 4131 192 4199; x_wconf 86' lang='lat' dir='ltr'>ad</span> <span class='ocrx_word' id='word_1_354' title='bbox 213 4134 402 4200; x_wconf 81' lang='lat' dir='ltr'>Droursrr</span> <span class='ocrx_word' id='word_1_355' title='bbox 425 4136 545 4200; x_wconf 76' lang='lat' dir='ltr'>Anax.</span> <span class='ocrx_word' id='word_1_356' title='bbox 564 4133 754 4219; x_wconf 78' lang='lat' dir='ltr'>Epistulam,</span> <span class='ocrx_word' id='word_1_357' title='bbox 770 4158 842 4223; x_wconf 90' lang='lat' dir='ltr'>quae</span> <span class='ocrx_word' id='word_1_358' title='bbox 861 4134 1016 4202; x_wconf 77' lang='grc' dir='ltr'><strong><em>Θυννουίοο</em></strong></span> <span class='ocrx_word' id='word_1_359' title='bbox 1032 4148 1098 4202; x_wconf 82' lang='grc' dir='ltr'><strong><em>νο·’</em></strong></span> 
     </span>
     <span class='ocr_line' id='line_1_44' title="bbox 57 4220 1093 4298; baseline 0.007 -15"><span class='ocrx_word' id='word_1_360' title='bbox 57 4230 162 4298; x_wconf 86' lang='lat' dir='ltr'>catur,</span> <span class='ocrx_word' id='word_1_361' title='bbox 184 4220 443 4286; x_wconf 84' lang='lat' dir='ltr'>commemoravi.</span> <span class='ocrx_word' id='word_1_362' title='bbox 487 4221 586 4285; x_wconf 91' lang='lat' dir='ltr'>Porro</span> <span class='ocrx_word' id='word_1_363' title='bbox 610 4235 740 4288; x_wconf 89' lang='lat' dir='ltr'>tuentur</span> <span class='ocrx_word' id='word_1_364' title='bbox 761 4221 896 4288; x_wconf 82' lang='lat' dir='ltr'>eandem</span> <span class='ocrx_word' id='word_1_365' title='bbox 920 4222 1093 4290; x_wconf 86' lang='lat' dir='ltr'>lectionem</span> 
     </span>
    </p>

    <p class='ocr_par' dir='ltr' id='par_1_5' title="bbox 535 4319 621 4370">
     <span class='ocr_line' id='line_1_45' title="bbox 535 4319 621 4370; baseline 0 0"><span class='ocrx_word' id='word_1_366' title='bbox 535 4325 557 4370; x_wconf 75' lang='grc' dir='ltr'>νο</span> <span class='ocrx_word' id='word_1_367' title='bbox 570 4319 621 4370; x_wconf 80' lang='lat' dir='ltr'>e2</span> 
     </span>
    </p>
   </div>
   <div class='ocr_carea' id='block_1_5' title="bbox 0 0 1344 4756">
    <p class='ocr_par' dir='ltr' id='par_1_6' title="bbox 0 0 1344 4756">
     <span class='ocr_line' id='line_1_46' title="bbox 0 0 1344 4756; baseline 0 1"><span class='ocrx_word' id='word_1_368' title='bbox 0 0 1344 4756; x_wconf 95' lang='lat' dir='ltr'> </span> 
     </span>
    </p>
   </div>
  </div>
 </body>
</html>
