2678 4756
143 283 207 366 με
481 276 870 351 ANNoTattoNt's'

146 455 249 521 tribus
271 476 365 519 unus.
410 452 650 554 Argumentum
675 452 794 517 interea
814 452 985 518 vetustatis
1005 450 1126 517 omitto
1144 474 1177 516 er

147 540 256 605 Basilii
271 540 447 626 utriusque-
458 555 536 605 item
556 539 670 625 synodi
685 542 866 639 Ancyranae
881 562 918 603 ac
935 539 1177 604 Neocaesarien·

147 628 190 692 sis
212 625 355 714 praesulis
378 624 544 712 martyrio,
567 640 698 710 tempus
722 646 808 689 emm
832 624 903 712 ejus
926 625 1040 689 minus
1065 641 1178 689 certum

147 724 207 777 cst.
252 709 544 796 subscriptionibus
566 723 686 790 tamen,
709 733 781 797 quae
804 723 913 775 extant
937 724 1015 797 post
1042 709 1181 775 Concilio

147 796 262 862 Latine
277 818 374 896 versa,
390 795 545 895 majorem
565 795 660 859 fidem
680 796 865 862 conciliabit
882 795 1072 882 Catalogus
1092 797 1180 860 maxi·

145 881 1180 1034 ammiseraszatsttraa

144 1056 179 1120 in
193 1052 386 1118 Bibliotheca
402 1074 459 1117 sua
471 1053 572 1117 Msia
587 1054 701 1117 Groeoo
713 1063 743 1117 et
756 1054 831 1117 lat.
843 1054 884 1119 ad
899 1078 931 1138 p.
943 1068 1018 1118 225.
1035 1066 1071 1129 et
1086 1053 1179 1118 deinc.

145 1139 300 1228 Ejusdem
315 1161 389 1203 vero
406 1138 557 1224 Catalogi
573 1139 699 1203 initium
715 1155 822 1203 extare
833 1139 874 1203 ad
888 1140 1038 1204 Socratis
1050 1138 1110 1204 lib.
1123 1140 1143 1204 i.
1154 1161 1179 1204 e.

119 1280 122 1286 .
149 1241 195 1292 13.
212 1225 266 1290 ubi
306 1224 439 1302 roditur,
453 1224 518 1288 inte
559 1247 614 1289 um
630 1224 721 1288 illum
737 1225 892 1290 insertum
907 1225 1011 1289 fuisse
1027 1225 1179 1289 abAtha·

146 1311 236 1378 nasio
246 1247 465 1375 Aliexandrino
477 1310 509 1373 in
518 1246 670 1396 {pacatico
681 1331 741 1375 suo
752 1332 837 1375 nunc
849 1311 1036 1396 deperdito,
1048 1333 1110 1376 ncs
1119 1333 1180 1375 mo

146 1398 217 1463 nuit
230 1397 314 1462 idem
328 1396 373 1459 vir
387 1395 603 1460 doctissimus.
628 1399 726 1460 Porro
736 1395 854 1460 ibidem
867 1396 894 1460 is
903 1397 962 1475 ait,
974 1396 1125 1461 omnium
1134 1395 1181 1496 qui

145 1483 223 1548 editi
244 1497 320 1548 sunt
338 1480 526 1546 Latinorum
547 1482 768 1567 catalogorum
785 1480 860 1546 huic
874 1483 996 1546 Graeco
1010 1497 1179 1568 praesertm

141 1569 237 1636 illum
257 1567 457 1653 respondere,
472 1589 568 1652 quem
583 1566 738 1634 Justellus
756 1567 895 1652 primum
912 1567 947 1632 in
962 1567 1076 1632 lucem
1098 1569 1181 1632 eruit.

147 1658 191 1721 Et
211 1675 297 1730 vero,
324 1665 480 1740 quantum
501 1674 565 1739 ego
589 1653 692 1730 video,
716 1651 796 1716 alter
816 1665 856 1716 ex
880 1652 986 1718 altero
1011 1653 1182 1740 saepissime

146 1739 321 1817 emendari,
344 1738 503 1802 interdum
525 1739 623 1803 etiam
650 1736 791 1824 suppleri
814 1752 935 1824 potest,
962 1737 1024 1803 sed
1055 1740 1182 1803 maxime

146 1827 280 1891 latinus
295 1847 333 1888 ex
349 1825 478 1888 Graeco.

191 1913 225 1975 P.
239 1923 310 1974 405.
331 1910 353 1974 l.
368 1923 398 1973 4.
422 1909 540 1983 Κάνονες
560 1917 615 1972 τῶν
640 1913 666 1972 ἐν
689 1907 822 2008 ᾈγκῦρᾳ
847 1909 922 1994 dte]
953 1911 1081 1975 Extant
1106 1909 1183 1976 tituli

146 1997 275 2062 duobus
290 1996 340 2059 his
352 1993 484 2095 synodis
495 1986 741 2059 Ante-Nioaems
758 1994 876 2080 praefixi
891 1996 925 2060 in
938 1995 1106 2096 plerisque
1118 1995 1183 2060 edd.

146 2097 243 2168 atque
265 2082 389 2166 scriptis
411 2101 505 2165 parva
523 2102 598 2149 cum
614 2081 764 2144 varietate
779 2080 947 2160 lectionis3
971 2081 1034 2146 sed
1057 2105 1090 2146 m
1109 2083 1183 2148 lem·

147 2183 234 2233 mate
253 2189 318 2253 ego
336 2165 593 2230 Neocaesariearis
612 2165 742 2251 quidem
764 2164 895 2230 Consilii
914 2167 1183 2233 nonnihil-disce·

148 2252 290 2318 dendum
306 2273 375 2316 esse
389 2252 430 2314 ab
446 2250 614 2315 Harduina
625 2251 829 2316 conciliatam
840 2251 997 2333 editione,
1014 2253 1082 2319 lide
1095 2252 1185 2319 libro·

148 2362 219 2406 rum
245 2338 534 2422 manuscriptorum
559 2337 651 2401 nixus
670 2335 822 2424 judicavi.
867 2337 957 2402 Cum
986 2360 1068 2403 vero
1094 2361 1183 2426 argo·

148 2440 292 2489 mentum
313 2445 371 2508 pro
392 2445 519 2486 summa
532 2423 721 2509 antiquitate
736 2422 866 2488 Codicis
882 2423 1065 2490 Canonum
1080 2425 1184 2490 Eccle-

148 2511 215 2589 siae,
237 2511 355 2595 inquo
378 2508 410 2571 hi
433 2530 571 2572 canones
593 2508 743 2572 collocati
766 2523 850 2587 sunt,
872 2531 912 2572 ex
936 2510 1057 2574 iisdem
1081 2511 1185 2590 titulis,

148 2618 204 2659 seu
230 2594 446 2671 lemmatibus,
471 2593 654 2657 ducendum
683 2608 778 2673 esset,
802 2594 871 2657 lraec
897 2594 977 2659 olim
1007 2597 1136 2683 scripsit
1157 2597 1184 2661 in

147 2680 283 2779 epistola
305 2680 345 2743 ad
364 2701 520 2764 magnum
537 2681 703 2743 Usserinm
720 2680 877 2743 Samuelis
890 2681 1002 2745 Ward
1021 2682 1184 2749 Cantabri·

174 2766 278 2844 reneis,
297 2765 342 2828 vir
364 2764 579 2840 doctissimus,
602 2787 686 2850 qnae,
707 2765 783 2851 quia
804 2765 844 2828 ad
865 2767 1022 2831 notitiam
1046 2771 1184 2854 praeben·

148 2788 221 2915 darn
246 2851 410 2936 utriusque
430 2850 556 2913 concilii
574 2850 707 2928 faciunt,
725 2873 765 2914 eo
787 2850 940 2915 libentius
961 2852 1031 2917 huc
1054 2855 1182 2920 afferam.

148 2937 383 3021 “Diligentius
409 2936 489 2999 mihi
514 2935 725 2999 consideranti
751 2937 808 3019 (ait
829 2936 990 3019 Wardus)
1020 2962 1090 3026 quo
1114 2954 1184 3004 tem·

148 3031 171 3064 “
186 3045 264 3109 pore
279 3022 382 3108 prima
402 3021 572 3085 Canonum
595 3021 756 3085 Collectio
779 3023 863 3086 facta
885 3038 982 3101 esset,
998 3024 1122 3112 duplex
1136 3047 1182 3088 oc·

148 3116 170 3150 “
186 3108 286 3172 currit
301 3108 382 3171 ratio
398 3130 469 3192 quae
485 3130 537 3170 me
553 3107 584 3170 in
599 3107 682 3171 hanc
697 3107 886 3170 sententiam
903 3109 1016 3187 traxit,
1031 3127 1067 3176 et
1088 3109 1182 3175 existi·

149 3202 171 3235 ‘⁶
187 3216 272 3258 mem
301 3194 439 3279 primum
461 3207 494 3256 et
518 3193 772 3277 antiquissimum
800 3195 1128 3261 Homo-canonicum
1150 3216 1182 3258 ex

149 3290 170 3320 “
186 3281 339 3357 Nicaenis‚
361 3278 552 3364 AncyraniS,
576 3278 903 3355 Neocaesariensibus‚
928 3281 1180 3367 Gangrensibus‚

147 3374 170 3407 “
186 3365 411 3441 Antiochenis,
428 3362 617 3426 Laodicenis
641 3362 839 3440 Canonibus,
855 3367 1095 3448 compositum,
1110 3367 1181 3430 inter

149 3460 171 3491 ‘⁶
187 3475 237 3514 an.
259 3457 329 3514 364.
353 3464 386 3513 et
412 3463 482 3511 381.
514 3462 588 3533 post
610 3448 840 3526 Laodicenum,
865 3465 897 3513 et
923 3466 1001 3513 ante
1031 3453 1179 3516 Constan-

148 3546 169 3576 “
185 3537 431 3620 tinopolitanum
448 3534 585 3619 primum
608 3534 639 3596 in
661 3557 760 3596 unum
778 3556 894 3618 corpus
909 3552 1067 3601 coactum
1084 3539 1179 3602 fuisse.

149 3631 170 3661 “
189 3623 274 3685 Prior
289 3620 421 3684 fundata
435 3634 482 3682 est
498 3620 529 3682 in
544 3620 645 3683 verbis
660 3618 812 3706 Dionysii
831 3620 863 3682 in
883 3620 1036 3705 Epistola
1056 3623 1097 3688 ad
1119 3624 1179 3686 Ste-

147 3707 327 3791 “phanum
355 3705 589 3782 salonitanum,
613 3704 669 3790 qui
695 3727 769 3768 cum
796 3719 926 3769 secutus
952 3705 1179 3794 sit·antiquum

110 3805 112 3810 ’
147 3800 169 3834 “
185 3793 335 3855 Graecum
362 3791 693 3868 Homo-canonicum,
715 3792 881 3876 perspicue
902 3790 1002 3856 docet
1027 3793 1180 3879 supradic-

148 3887 236 3942 “tos
259 3877 407 3939 Canones
430 3898 633 3941 numerorum
658 3878 738 3940 serie
760 3876 966 3940 continuatos
990 3879 1072 3943 olim
1094 3879 1180 3942 fuisse

149 3973 171 4009 “
189 3983 300 4028 ctxv.
319 3961 695 4047 Constantinopolitanos
710 3983 782 4024 vero
797 3961 948 4025 Canones
964 3984 1051 4027 nova
1064 3966 1140 4036 serie
1153 3974 1181 4025 et

149 4049 317 4114 “seorsim
341 4060 536 4111 numeratos.
581 4048 747 4110 Quorsum
764 4047 850 4109 enirn
866 4069 1032 4111 summam
1054 4050 1179 4134 collige·

151 4145 236 4200 “ret
260 4133 429 4197 Canonum
453 4132 715 4216 praecedentium,
739 4131 924 4217 priusquam
954 4134 1072 4200 recitet
1099 4134 1180 4199 Con·

151 4228 172 4262 “
187 4218 500 4305 stantinopolitanos,
521 4218 716 4304 eosdemque
738 4217 817 4281 serie
840 4217 883 4281 de
901 4239 985 4283 novo
1012 4219 1181 4294 inchoaret,
