2678 4756
185 270 240 337 IN
259 266 473 337 DIONYSII
497 267 610 334 ROM.
632 268 975 360 FRAGMENTUM.
1040 289 1099 356 191

55 461 129 505 sarrs
142 437 259 538 defle
276 439 435 505 aarum
447 438 670 518 monarchiam,
685 462 781 527 qaam
795 462 815 503 a
829 441 926 503 Patra
938 439 1019 504 Filia
1032 451 1101 505 tra·

54 524 161 607 ditum
176 546 212 589 m
224 523 309 589 Filio
323 527 440 588 seraa?
476 525 545 588 Hoc
558 525 635 588 mihi
651 537 680 589 et
696 527 728 589 in
745 525 872 590 tertiam
884 525 1021 610 gradum
1033 526 1102 590 dic·

55 618 130 673 tum
143 609 198 688 sit,
211 609 289 695 qaia
303 609 459 694 Spiritum
478 632 539 674 non
553 610 681 674 aliunde
693 620 780 696 pata,
794 632 890 695 quam
903 632 923 673 a
936 613 1034 674 Patre
1045 625 1102 695 per

55 688 193 777 filium.
220 694 261 758 V
249 693 298 758 ade
309 717 381 781 ergo
396 717 435 757 ne
449 705 483 757 ta
495 696 600 779 potins
614 695 824 759 monarchiam
838 695 989 760 destruas.
1024 698 1104 782 Quo

55 779 189 843 alono
204 780 410 864 perspicuum
431 794 491 855 est,
512 794 548 844 et
562 780 796 844 Tertullianum
814 792 849 843 et
870 781 1021 844 Praxeam
1042 780 1103 845 sibi

55 878 177 931 mutuo
189 864 381 950 objectasse,
397 866 487 950 quod
499 864 721 929 monarchiam
731 865 950 942 destruerent3
974 865 1103 951 utrique

55 969 136 1013 vero
149 949 250 1014 fuisse
264 971 464 1035 persuasum,
486 949 581 1014 fidem
604 951 646 1013 ab
665 972 706 1014 eo
725 949 872 1014 funditus
893 949 1026 1028 destrui,
1045 951 1104 1036 qui

55 1033 279 1116 monarchiam
298 1034 489 1099 destrueret.
532 1035 636 1098 Valde
649 1035 750 1121 igitur
768 1034 981 1099 hallucinatur
998 1057 1102 1120 nupe-

55 1140 114 1183 rus
129 1118 278 1204 scriptor,
316 1119 349 1183 ni
363 1141 403 1182 ex
415 1120 498 1183 male
514 1119 679 1185 intellecto
694 1120 768 1184 libri
782 1134 895 1184 contra
910 1122 999 1184 l’rax.
1015 1136 1103 1184 n.10.

55 1201 146 1300 loeo,
161 1205 274 1290 inquo
291 1142 424 1268 drances
433 1205 569 1353 ejustpe
580 1205 711 1269 asseclae
726 1203 886 1268 vanissimi
898 1204 1104 1269 Monarchia-

54 1309 92 1351 ιιι
116 1304 356 1374 nuncupantur,
383 1312 516 1354 monarc
542 1291 580 1353 iae
606 1303 779 1354 assertores
801 1312 867 1354 non
889 1311 980 1354 secus
1003 1304 1102 1376 atque

55 1371 232 1437 haereticos
246 1373 424 1452 habendos,
444 1388 478 1439 et
492 1377 536 1438 ita
550 1397 569 1438 a
583 1374 780 1439 Tertulliano
796 1375 924 1440 habitos
938 1397 1008 1439 esse
1022 1397 1105 1440 con·

55 1456 175 1522 tendit.
218 1459 337 1545 Neque
351 1481 426 1523 vero
441 1459 496 1523 ille
508 1461 555 1524 eis
570 1459 647 1524 vitio
659 1461 764 1538 vertit,
780 1459 867 1546 quod
883 1460 1103 1524 monarchiam

55 1554 167 1617 tenere
189 1565 225 1606 se
248 1545 468 1629 profiteantur,
492 1545 548 1609 sed
573 1544 662 1631 quod
691 1546 818 1632 abjecta
847 1545 917 1631 ejus
946 1568 1017 1609 vera
1042 1545 1105 1609 fide

55 1624 147 1703 illum
159 1627 327 1693 vanunme
338 1630 567 1714 profiteantur;
589 1652 629 1693 eo
644 1630 712 1693 lere
726 1629 826 1695 modo
841 1652 907 1716 quo
947 1632 994 1694 uis
1005 1630 1104 1695 Chri-

55 1710 200 1776 stianum
214 1713 276 1777 sibi
288 1735 410 1778 nomen
418 1727 617 1800 arrogantes,
626 1728 724 1800 atque
733 1716 869 1779 alienam
881 1738 901 1778 a
913 1652 1105 1780 dhrisnanis

57 1795 205 1861 moribus
220 1818 259 1861 ac
273 1797 336 1862 fide
349 1798 504 1863 ducentes
518 1800 628 1877 vitam,
650 1813 736 1863 recte
751 1799 850 1864 falsos
864 1822 902 1864 ac
917 1801 1105 1867 vanissimos
1175 1826 1187 1841 ⁴

57 1878 265 1946 Christianos
286 1883 474 1968 appellaret,
497 1906 602 1969 neque
623 1899 731 1949 tamen
748 1884 968 1948 Christianum
986 1907 1106 1949 nomen

55 1965 192 2052 culpare
205 1979 264 2031 aut
277 1989 427 2053 respuere
440 1982 635 2033 censeretur.
680 1969 733 2033 Sic
749 1990 807 2033 nec
824 1972 884 2034 Pro
908 1970 998 2034 hetas
1012 1970 1106 2034 dem·

56 2065 127 2130 ιιιι,
153 2050 212 2137 qui
233 2051 332 2116 falsos
359 2053 546 2139 Prophetas.
561 2054 733 2151 vituperat.
776 2055 842 2118 Sed
892 2076 911 2117 e
938 2054 989 2118 his
1011 2056 1105 2131 ‚satis

57 2133 160 2201 Certe
175 2135 337 2224 Dionysio
351 2153 463 2202 nostro
477 2137 659 2204 monarchra
671 2150 717 2202 est
733 2138 957 2224 angustissima
970 2138 1106 2204 ecclesiae

56 2219 125 2287 Dei
134 2220 337 2304 pradicatio.
364 2223 484 2288 Justini
498 2225 648 2311 martyris
663 2237 769 2288 exstat
782 2224 863 2288 liber
876 2223 913 2288 de
927 2224 1106 2288 monarchia

58 2303 126 2369 Dei
139 2304 183 2369 ab
198 2306 341 2371 Emebio
356 2319 391 2371 et
407 2309 611 2394 Hieronymo
623 2307 784 2373 laudatus.
812 2309 952 2374 Irenaens
986 2331 1107 2395 noque,

56 2389 178 2466 eodem
194 2391 337 2456 Eusebio
352 2404 435 2457 teste
449 2393 507 2458 lib.
518 2417 548 2456 v.
562 2393 637 2458 hist.
653 2415 685 2457 c.
697 2408 747 2457 20.
762 2392 932 2491 epistolam
1004 2396 1029 2457 F
1029 2395 1107 2459 lori-

57 2496 141 2540 unm
169 2475 208 2538 de
236 2475 417 2541 monarchia
452 2477 667 2563 inscripserat.
724 2479 880 2542 Tatranus
907 2479 965 2543 Or.
994 2493 1108 2544 contra

56 2572 177 2646 gentes
189 2560 273 2626 inter
283 2562 400 2642 multa,
412 2562 530 2647 quibus
542 2563 603 2627 sibi
617 2562 817 2648 exploratam
829 2562 1006 2628 divinarum
1018 2564 1106 2628 litte·
1158 2606 1162 2613 ·

58 2666 170 2709 rarum
184 2645 350 2710 veritatem
366 2662 465 2732 atque
475 2647 691 2711 indubitatam
705 2647 815 2726 docet,
829 2648 891 2713 hoc
903 2650 1001 2712 etiam
1013 2671 1108 2715 com·

57 2742 235 2806 minorat,
251 2730 341 2817 quod
357 2753 452 2796 anam
463 2731 675 2796 universarum
689 2731 899 2796 monarchiam
918 2737 984 2817 (τῶν
995 2733 1064 2798 lam
1073 2736 1106 2797 τὸ

56 2812 243 2913 μοναρχικὸν)
274 2825 459 2881 statuerent.
517 2817 572 2880 Ne
596 2816 730 2902 Apelles
762 2817 894 2902 quidem
931 2819 1107 2884 Marcionis

57 2897 239 2999 disctpnlus
261 2900 294 2963 in
316 2901 495 2987 colloquio,
539 2899 606 2965 uod
625 2923 701 2966 cum
724 2901 860 2966 Rodone
878 2902 1002 2982 habuit,
1023 2904 1107 2968 hanc

56 2982 195 3057 inficiari
212 3005 311 3049 ausus
332 2999 383 3049 est
404 3006 535 3049 monere
559 2985 611 3064 ire,
633 3007 691 3051 seu
713 2986 800 3050 unici
820 2988 966 3086 principii
986 2988 1109 3053 doctri-

58 3089 151 3133 nam.
197 3067 275 3154 Ipso
297 3069 417 3168 quippe
439 3069 576 3134 Rodone
597 3084 681 3136 teste
702 3071 788 3156 apud
810 3072 988 3137 Eusebium
1009 3073 1066 3137 lib.
1078 3097 1109 3139 n.

56 3174 93 3219 c.
106 3166 157 3218 13.
170 3173 268 3217 anam
278 3154 471 3240 prinapium
490 3177 554 3220 esse
573 3155 694 3220 dicehat
711 3155 793 3220 sicat
812 3167 844 3220 et
863 3170 970 3220 nostra
983 3157 1106 3244 religio.

56 3236 263 3303 Athanasius
286 3239 435 3306 similiter
451 3239 508 3304 Or.
521 3253 553 3304 4.
571 3255 659 3305 nont.
674 3241 785 3304 Arian.
809 3264 841 3304 n.
854 3257 881 3303 1.
901 3241 933 3304 in
949 3243 1021 3306 Deo
1034 3257 1109 3327 pro-

51 3320 130 3409 prie
156 3322 374 3388 monarchiam
399 3345 463 3389 esse
490 3318 617 3472 probat}
673 3327 717 3389 Et
747 3326 785 3388 in
812 3325 968 3390 Oratione
996 3341 1109 3392 contra
1164 3339 1169 3348 '

56 3419 189 3495 gentes,
202 3429 280 3473 eum
294 3409 351 3496 qui
365 3431 495 3475 mamre
520 3409 584 3473 iam
600 3410 776 3496 negaverit,
786 3410 907 3474 atheon
922 3411 1108 3476 habendum

57 3512 135 3559 θεοῦ
148 3514 216 3557 non
229 3493 370 3577 obscure
384 3493 480 3558 docet
496 3494 547 3557 his
561 3495 675 3574 verbiS,
696 3494 787 3580 ὥσπερ
802 3494 935 3579 ἕλε’·γομιν
948 3500 997 3573 τὴν
1009 3511 1108 3562 πολυ-

25 3612 31 3619 -
57 3576 184 3654 halma
197 3578 349 3656 ἇθιότητα,
369 3575 453 3652 οὕτως
472 3579 583 3662 ἀνάγκη
605 3583 653 3657 τὴν
672 3594 752 3643 πολιν
815 3579 858 3643 lar
875 3580 1015 3666 ἀναρχίαν
1032 3582 1108 3662 sinor.

58 3658 204 3727 Basilius
234 3661 292 3726 lib.
327 3661 369 3726 de
401 3663 486 3748 Spir.
516 3663 549 3726 S.
580 3685 652 3748 cap.
687 3677 734 3727 18.
795 3685 834 3727 oc
870 3665 931 3730 sibi
968 3668 1109 3751 proban-

58 3745 145 3819 dum
164 3746 333 3843 proponit,
384 3747 511 3811 aamada
542 3747 576 3811 in
601 3749 668 3812 Deo
690 3759 722 3811 et
741 3763 888 3833 personas
915 3750 1107 3836 profitemur,

50 3851 119 3897 w
131 3845 226 3916 {tim
241 3853 369 3913 mnata
395 3831 402 3844 ⁹
450 3832 565 3981 doffl
584 3831 712 3909 excidit,
730 3835 752 3919 ’h
771 3831 803 3896 rh
823 3831 931 3909 ιύσεὲἔς
950 3835 1044 3920 δόγμα
1060 3846 1109 3918 τῆς

56 3915 267 4001 acuminati
283 3915 432 3979 διαπίπτει.
547 3940 599 3981 em
614 3931 664 3982 est
680 3917 747 3982 Gre
772 3918 832 3982 orii
850 3919 1007 3984 Nazianz.
1029 3922 1108 3989 doc·

54 3999 233 4067 trientum
246 3998 341 4064 Orat.
351 4014 402 4065 23.
415 4015 486 4065 tum
500 4002 592 4066 Orat.
604 4017 654 4078 37.
667 4003 723 4067 ubi
734 3939 899 4090 ohjectum
912 4004 993 4069 illud
1003 4005 1109 4089 diluit,

59 4087 87 4148 si
103 4085 190 4162 Θεὸς,
220 4085 229 4106 “
247 4086 332 4166 Θεὸς,
353 4085 476 4171 horit,
497 4095 562 4162 πῶς
579 4090 595 4149 t
609 4091 680 4174 τρεῖς
700 4089 771 4167 herl,
785 4087 801 4166 ἢ
814 4097 880 4163 σῶς
893 4092 924 4151 οὗ
937 4094 1109 4178 πολυαρχία

58 4169 100 4247 ri
119 4111 315 4255 δοξαζῗμινινς
338 4171 508 4238 Monet-et
522 4172 699 4260 Gregorius
714 4173 814 4261 Nyss.
830 4173 887 4239 Or.
899 4173 1025 4241 catech.
1041 4194 1109 4248 es.
