2678 4756
161 284 205 366 48
501 278 863 351 annornuours

93 486 96 491 ·
144 452 187 519 ,b
211 451 281 516 terii
303 452 441 539 gradum
463 454 644 540 promoveri
668 465 813 518 vetantur
835 454 969 521 Canone
991 468 1040 519 12.
1065 454 1207 521 Concilii

164 476 445 603 nleocaesariensis.
490 539 689 625 Hujusrnodi
707 542 900 625 baptismum
915 540 1055 605 hominis
1070 540 1208 605 inlecto

164 623 386 688 decumbentis
401 638 434 687 et
453 623 590 687 animam
610 625 745 709 agentis,
761 624 923 689 luculente
936 625 1090 691 describit
1101 627 1206 690 Joan·

164 730 220 773 nes
237 707 492 796 Chrysostomus
512 709 544 771 in
564 708 697 772 homilia
709 709 814 773 suad
831 710 1092 775 Cateclrumenos
1111 725 1206 775 tomo

162 793 196 856 ii.
213 793 395 879 Cyprianus
411 809 517 858 tamen
539 794 570 856 in
595 794 739 879 Epistola
752 802 802 869 76.
820 795 1015 880 baptismum
1032 796 1120 860 hunc
1136 796 1207 880 ple·

163 899 240 942 num
256 901 293 942 ac
308 880 488 964 legitimum
503 900 572 941 esse
586 892 704 954 censet,
717 894 750 942 et
766 880 907 943 Clinicus
922 879 1023 944 nihilo
1038 880 1206 944 inferiores

161 986 230 1027 esse
252 965 297 1027 ait
318 965 356 1027 iis
379 965 434 1050 qui
462 965 529 1027 sani
552 964 749 1049 baptismum
772 965 804 1027 in
827 965 963 1029 ecclesia
983 978 1205 1051 susceperunt.

162 1050 370 1113 Venustus.
423 1050 475 1112 Sic
503 1049 633 1134 quidem
661 1049 843 1147 Cyprianus
868 1071 927 1136 pro
954 1050 1146 1115 verecundia
1171 1063 1205 1114 et

163 1135 319 1199 modestia
334 1156 402 1211 sua,
415 1134 544 1211 nemini,
558 1148 597 1197 ut
614 1134 757 1218 loquitur
775 1135 855 1220 ipse,
877 1135 1099 1220 prejudicans.
1139 1134 1204 1201 Sed

160 1218 194 1282 in
211 1222 355 1283 Romana
370 1219 481 1283 saltem
498 1219 631 1283 ecclesia
649 1218 697 1282 his
718 1219 891 1284 Novatiani
914 1220 1127 1306 temporibus,
1142 1218 1204 1284 cli·

160 1304 224 1368 nici
239 1305 281 1368 ab
296 1307 386 1369 omni
400 1303 478 1368 cleri
524 1305 602 1368 radu
626 1304 780 1389 prohibiti
802 1319 888 1382 sunt,
903 1319 939 1370 ut
955 1327 994 1368 ex
1009 1305 1047 1369 iis
1061 1316 1204 1383 constat,

161 1412 234 1476 quae
258 1389 369 1453 scribit
391 1390 473 1452 infra
496 1325 678 1453 Cornelius.
722 1390 827 1476 Atqui
846 1389 1015 1467 diversam,
1038 1389 1144 1452 verior
1164 1408 1202 1453 an

160 1475 214 1550 sit,
228 1474 355 1552 dubito,
378 1475 532 1538 rationem
553 1476 645 1538 affert
665 1475 904 1560 Albaspinaeus,
928 1474 1120 1560 repulsionis
1141 1473 1202 1539 cli·

161 1559 306 1623 nieorum
329 1560 370 1622 ab
393 1557 558 1623 ordinibus
580 1559 688 1636 sacris,
706 1560 795 1646 quod
816 1560 966 1624 nimirum
987 1559 1094 1624 officia
1113 1578 1203 1623 secra

159 1644 293 1730 implere
316 1644 337 1708 ii
361 1666 425 1707 non
447 1658 592 1743 possent,
616 1666 698 1729 quos
720 1645 805 1708 mala
826 1644 976 1709 valetudo
998 1645 1104 1730 prima
1129 1643 1201 1707 fidei

159 1729 319 1793 elementa
342 1752 407 1793 non
430 1729 553 1795 srvisset
574 1727 708 1792 discere.
745 1729 838 1793 Notis
862 1729 895 1792 in
919 1731 1036 1794 Canon.
1059 1728 1200 1793 Neocces.

163 1829 210 1877 12.
232 1829 305 1900 post
327 1813 559 1878 Observationes
577 1815 646 1900 ejus
667 1815 718 1877 De
736 1815 801 1879 Vet.
823 1812 912 1877 Eccl.
933 1813 1068 1892 sitibus,
1081 1834 1116 1899 p.
1129 1827 1199 1889 372.

158 1898 211 1962 ed.
226 1900 407 1963 Helmstad.

203 1985 237 2047 P.
253 2000 301 2050 13.
318 1985 339 2048 l.
354 1998 384 2059 7.
407 1983 518 2068 ἔλαθεν]
543 1985 574 2045 τὸ
597 1983 740 2066 βᾶπῖνσμα
764 1984 861 2048 ἔλαθεν
884 1980 1061 2066 christoph.
1101 1982 1201 2049 Certe

155 2084 214 2134 aut
233 2069 416 2134 addendum
431 2073 463 2133 τὸ
478 2070 632 2150 pericopa,
647 2083 704 2133 aut
723 2069 968 2154 intelligendum
984 2080 1048 2144 est,
1061 2090 1136 2155 quoe
1151 2072 1199 2132 t'a-

157 2176 231 2219 men
247 2155 327 2219 dura
343 2156 428 2219 foret
448 2154 578 2238 ellipsis.
624 2154 730 2218 Etiam
753 2154 959 2239 Nicephorus
981 2153 1066 2215 hanc
1085 2172 1198 2217 vocem

157 2239 277 2348 legjsse
288 2240 422 2316 videtur,
434 2238 480 2301 sic
494 2239 647 2315 scribens,
659 2241 707 2312 ὥς·
723 2241 912 2315 &aderaldus
925 2235 1108 2322 προσδόκιμον
1121 2235 1199 2317 ὄντα,

156 2325 188 2387 τὸ
202 2327 273 2432 simp
286 2328 399 2400 αἰτῆσαι
414 2320 519 2386 aedeis·
541 2321 555 2384 ὃ
570 2325 617 2385 καὶ
633 2325 659 2385 ἐν
673 2327 743 2408 αὐτῇ
758 2329 791 2408 τῇ
806 2322 884 2408 κλίνῃ
899 2321 916 2422 ᾖ
930 2322 1028 2400 ἔκειτο,
1040 2322 1200 2408 aspexis-Sir

156 2411 234 2486 δῆθεν
253 2407 399 2489 &anlagen
424 2409 593 2471 Srno’rn.
639 2408 677 2471 ln
700 2409 818 2471 Graeco
840 2408 920 2471 nihrl
943 2420 992 2470 est
1014 2405 1201 2506 quod-fidei

155 2493 314 2558 vocabulo
336 2493 537 2577 respondeat.
582 2490 661 2577 Ejus
685 2493 759 2555 loco
780 2493 929 2557 Valesius
950 2498 1025 2577 post
1046 2491 1199 2556 Chnsto·

154 2578 356 2664 phorsonum
379 2599 416 2641 su
441 2577 538 2663 plevit
561 2574 706 2660 baptismi
728 2599 858 2641 nornen.
903 2576 969 2641 Hic
991 2575 1100 2661 potius
1120 2577 1198 2641 sub·

156 2662 351 2728 audiendum
379 2598 503 2726 videtur
528 2663 673 2746 superius
699 2663 831 2725 verbum
858 2663 889 2724 τὸ
915 2666 1062 2739 eranum.
1096 2658 1199 2726 Cou-

158 2768 294 2813 srsrsr.
338 2750 415 2812 Non
429 2746 602 2823 adsentior,
618 2745 674 2810 sed
695 2760 769 2831 post
783 2746 915 2810 verbum
938 2743 1198 2810 subaudiendum

156 2832 218 2896 hoc
234 2833 307 2897 loco
322 2833 518 2918 baptismum
535 2845 625 2916 puto,
641 2831 738 2916 inque
753 2830 905 2917 Dionysii
919 2830 1015 2894 Alex.
1028 2850 1048 2891 a
1072 2828 1116 2893 ud
1129 2832 1195 2895 En·

145 2917 279 2982 'sebium
297 2919 410 2994 verbis,
425 2923 462 2979 rai
477 2919 534 3002 ’γὰρ
553 2914 622 3002 dyla
638 2919 710 3002 παρ’
726 2920 797 2978 αὗτέ
812 2942 829 2978 τ
902 2915 1015 2992 ἥκεσαν,
1030 2850 1140 2997 ἕρὶεί.
1156 2914 1198 2979 ad

155 3001 329 3066 Philemon.
345 3002 401 3065 lib.
415 3002 466 3064 vii.
481 3002 569 3065 Hist.
585 3022 656 3086 cap.
671 3013 702 3075 7.
727 3000 783 3065 ubi
796 3023 816 3064 a
830 3023 873 3063 nu
887 3001 920 3062 lo
936 2998 1070 3062 omnino
1085 2998 1197 3064 codice

153 3100 270 3172 praeter
293 3087 490 3151 Medicaeum
518 3107 579 3149 vox
602 3085 763 3166 πνεύματος
790 3098 863 3170 post
888 3084 972 3166 ἁγίου
994 3084 1194 3168 agnoscitur.

154 3175 253 3238 Recte
274 3185 382 3236 tamen
406 3171 450 3234 ait
475 3169 686 3235 Constantius
701 3171 795 3246 infra,
809 3191 848 3232 ex
862 3169 1020 3233 industria
1034 3169 1196 3235 abstinero

151 3257 304 3344 baptismi
320 3255 477 3322 vocabulo
493 3254 694 3332 Cornelium,
710 3254 892 3339 ubicunque
908 3253 948 3317 de
961 3253 1038 3331 ritu,
1050 3262 1119 3338 quo
1134 3254 1195 3319 ini·

151 3343 467 3408 tiatus-Novatianus
482 3355 543 3420 est,
558 3341 719 3427 loquatur.
765 3339 927 3403 Mendose
941 3337 1037 3422 ἔλεγεν
1049 3336 1195 3423 proiast-
1236 3348 1239 3353 '

152 3426 197 3490 ἕεν
211 3428 289 3492 MS.
305 3425 445 3512 Norfolc.
844 3478 848 3489 .

196 3511 280 3576 lbid.
292 3511 314 3575 l.
328 3528 359 3588 9.
382 3516 458 3574 κατὰ
470 3511 517 3573 τὸν
531 3515 578 3587 τῆς
592 3510 744 3589 ἐκκλησίας
759 3509 872 3594 κανόνα]
893 3507 960 3595 Qui
978 3507 1012 3571 in
1032 3506 1121 3574 lecto
1135 3508 1193 3581 (le-
1222 3526 1226 3541 ¹

151 3596 340 3662 eumbentes
363 3595 558 3680 baptismum
585 3616 661 3659 acce
704 3607 775 3659 rant
786 3618 796 3673 ;
819 3609 894 3679 post
916 3615 990 3656 uam
1013 3613 1055 3656 ex
1076 3594 1194 3659 morbo

149 3680 397 3757 convaluissent,
420 3679 607 3765 episcopum
634 3617 721 3744 adiie
745 3701 875 3743 necesse
894 3616 1073 3756 iubebant,
1089 3691 1133 3743 ut
1156 3700 1193 3743 ea

173 3790 224 3831 ure
238 3767 381 3852 ipsorum
397 3764 556 3850 baptismo
571 3763 738 3830 defuerant
753 3764 927 3853 suppleret.
960 3762 1064 3827 Vetus
1078 3777 1193 3829 auctor

149 3788 191 3917 de
206 3848 364 3915 haereticis
378 3871 442 3912 non
457 3850 705 3934 rebaptizandis,
721 3871 817 3946 quern
833 3868 935 3946 nuper
948 3868 1012 3910 una
1027 3867 1104 3911 cum
1121 3847 1192 3936 cy-

149 3937 262 4024 priano
276 3934 378 3999 edidit
391 3934 467 3998 Nic.
484 3933 664 4105 Riffilrtius:
685 3944 742 3997 aut
757 3955 785 3996 st
804 3955 824 3997 α
842 3953 958 3995 menore
972 3929 1052 3994 clero
1065 3948 1192 4016 per-no-

146 4021 322 4088 cessitatem
343 4017 495 4083 traditum
586 4018 611 4082 it
632 4017 798 4103 baptisma,
813 4026 955 4081 eventum
969 4027 1193 4100 exspectem,

146 4118 183 4173 at
197 4116 253 4172 cat
267 4102 450 4190 suppleatur
463 4125 484 4167 a
496 4102 592 4182 nolis,
608 4113 663 4167 aut
677 4126 697 4166 a
710 4101 845 4166 Domino
868 4098 1075 4185 supplendam
1092 4122 1194 4171 resera

144 4203 243 4260 vetur.
287 4187 490 4258 Notatiauus
510 4187 619 4274 itaque
641 4187 693 4254 hic
716 4186 863 4308 argpitur
882 4208 903 4251 a
917 4184 1085 4265 Cominio,
1100 4185 1193 4274 quod
