2678 4756
154 286 215 356 190
372 272 376 283 '
487 262 851 336 ANNOTATIONes

197 442 231 504 P.
247 451 313 518 179.
332 438 355 503 l.
369 453 415 503 12.
437 441 520 503 adria
539 440 586 503 rie
607 442 661 504 alie
683 439 750 519 eirea
770 437 863 525 λέγων
882 440 929 503 rie
948 438 1084 527 vatipa]
1114 444 1192 508 Uno

150 526 249 589 verbo
264 525 345 591 hanc
362 525 491 589 Sabellii
506 523 653 589 haeresim
669 526 837 590 enuntiant
852 524 965 590 Ariani
979 526 1069 611 apud
1081 528 1192 609 Atha-

150 610 274 674 nasium
299 611 357 675 lib.
373 611 413 674 de
428 610 550 697 Synod.
568 633 600 674 n.
614 617 662 674 16.
677 611 818 675 dieentes
832 610 924 675 illum
938 611 1091 698 υἲοτᾶτορα
1106 622 1192 698 prte-

149 694 269 774 dicare,
285 695 374 782 quod
391 696 533 760 Hilarius
547 694 605 759 lib.
618 697 658 759 iv.
674 695 716 760 de
731 697 819 759 Trin.
835 719 866 759 n.
881 710 928 768 12.
942 695 1045 761 latine
1059 718 1191 762 couver-

150 779 202 859 tit,
218 779 319 864 ipsam
332 780 415 845 dicit
431 780 549 844 Piliam
562 802 654 867 quern
668 783 809 845 Patrem.
834 780 1062 846 Cousraur.

194 866 227 927 P.
241 880 307 930 180.
321 866 343 929 l.
353 879 384 929 4.
400 865 564 951 Μαρκίωνος
574 868 634 953 γὰρ
651 867 726 950 δια]
742 864 864 930 Notior
873 878 923 930 est
931 866 1113 932 Marcionis
1122 866 1191 933 bae·

149 951 238 1027 reris,
255 973 319 1035 qua
331 949 397 1014 duo
407 950 572 1035 principia,
589 973 688 1015 unum
704 951 793 1028 boni,
807 950 942 1015 alterurn
955 951 1033 1015 meli
1048 953 1190 1027 murnia-

149 1034 203 1098 uit.
236 1035 380 1122 Cyrillus
400 1049 506 1099 tamen
526 1036 664 1111 Jerosol.
688 1035 765 1100 licet
791 1035 915 1100 catech.
933 1042 964 1099 6.
986 1042 1084 1101 n.16.·
1107 1037 1190 1102 hanc

148 1119 219 1205 ejus
235 1120 414 1185 doctrinam
431 1134 558 1200 notans,
581 1121 668 1185 dicat
684 1142 759 1184 eum
783 1120 917 1186 diversos
930 1121 1014 1185 Deos
1032 1122 1191 1202 statuisse,

148 1205 283 1270 alteram
300 1204 422 1285 bonnm,
433 1216 464 1269 et
479 1205 756 1290 alteru-injustam,
770 1206 834 1270 hoc
849 1218 899 1272 est
909 1228 1010 1270 unum
1025 1206 1146 1271 durum
1158 1222 1191 1272 et

147 1311 253 1354 severe
269 1292 466 1376 punientem,
486 1291 623 1355 alterum
643 1290 820 1376 benignum
835 1290 922 1355 etad
936 1290 1190 1357 misericordiam

147 1395 356 1522 propensum,
371 1375 495 1439 catech.
513 1382 560 1439 16.
578 1398 610 1439 n.
621 1388 652 1439 4.
669 1375 710 1440 de
725 1375 891 1460 discipulis
906 1376 992 1441 illius
1005 1376 1188 1462 praemittit,

182 1482 214 1523 os
229 1471 290 1524 tres
305 1462 388 1525 Deos
403 1461 634 1540 annuntiamus,
649 1460 762 1524 sileant
777 1460 1009 1539 Marcionistoe,
1025 1475 1098 1525 tum
1114 1484 1148 1525 n.
1160 1473 1189 1538 7.

148 1542 189 1607 de
209 1545 281 1629 ipso
303 1546 459 1630 magistro
480 1544 621 1631 subjicit,
637 1545 843 1631 Inrpiissinrns
858 1545 1004 1610 Marcion
1027 1555 1092 1611 tres
1107 1547 1190 1623 Deae

148 1650 211 1692 esse
221 1630 340 1714 primas
353 1630 495 1694 assernit.
532 1632 607 1718 Qua
622 1643 731 1696 sutem
741 1631 864 1695 ratione
878 1631 942 1694 boc
957 1630 998 1695 ab
1012 1650 1055 1694 eo
1068 1652 1190 1697 assere·

147 1727 248 1790 retur,
259 1713 458 1800 Epiphanius
474 1714 551 1778 haer.
562 1727 613 1779 42.
629 1739 661 1778 n.
673 1730 704 1779 3.
720 1714 862 1801 exponit.
906 1717 1029 1780 Verum
1047 1716 1189 1781 Rhodon

36 1828 39 1837 ·
148 1798 280 1885 quidam
296 1799 459 1898 Marcioni
474 1820 593 1897 suppar
606 1799 691 1885 apud
707 1800 885 1864 Eusebium
904 1800 1000 1864 lib.v.
1015 1801 1189 1899 c.13.·pri·

147 1904 238 1947 mum
253 1884 374 1963 scribit,
389 1884 459 1948 Alta
472 1884 600 1969 perinde
613 1907 650 1948 ac
665 1883 812 1949 Marcion
827 1884 885 1947 dac
902 1883 1054 1949 inducunt
1066 1884 1187 1970 punci-

145 1967 202 2052 pia
211 1995 225 2048 ,-
246 1991 284 2034 ac
307 1969 404 2055 paulo
422 1986 497 2054 post
518 1968 677 2056 adjungit,
691 1969 763 2034 Alii
778 1990 885 2033 rursus
904 1968 942 2033 alr
961 1967 1009 2033 leis
1024 1979 1188 2058 tamqnam

148 2063 329 2139 tempestate
343 2054 376 2119 in
388 2057 477 2140 pejus
491 2054 612 2139 abrepti
619 2080 632 2134 ,·
653 2077 715 2119 non
728 2054 806 2119 duas
820 2053 932 2133 sotum,
946 2053 1000 2117 sed
1015 2063 1080 2118 tres
1094 2066 1188 2119 nata·

146 2160 200 2202 ras
210 2150 399 2223 posuerant:
415 2161 546 2226 quaram
579 2139 698 2224 r'inceps
709 2151 739 2203 et
751 2138 975 2238 antesignanus
984 2149 1032 2202 est
1044 2138 1186 2227 Syneraa

145 2223 352 2310 Augustinus
368 2246 443 2288 vero
464 2223 521 2289 lib.
565 2247 584 2288 e
606 2225 684 2288 haer.
700 2222 977 2322 c.22.Ep1phanii
991 2224 1187 2312 Eusebiique

146 2308 320 2372 sententias
336 2309 382 2372 sic
396 2309 602 2394 perstringit:
621 2308 771 2395 Quamvis
784 2308 983 2405 Epiphanius
995 2328 1067 2372 eam
1081 2312 1186 2393 (Mar-

145 2392 285 2473 cionem)
315 2393 378 2456 tria
406 2393 492 2457 dicat
521 2395 685 2487 asseruisse
711 2392 880 2478 principia,
902 2393 1026 2472 domm,
1047 2397 1185 2480 justam,

143 2490 295 2560 pravam:
318 2478 373 2541 sed
385 2477 539 2544 Eusebiae
553 2478 706 2562 Syneranr
721 2478 896 2564 quemdam,
906 2499 969 2542 non
978 2478 1186 2558 Marcionem,

147 2561 242 2624 triam
270 2561 493 2646 principiorum
525 2572 620 2648 atque
653 2574 840 2627 naturarum
875 2561 983 2626 scribit
1019 2573 1184 2628 auctorne.

147 2644 372 2710 Cousrnur.
409 2648 473 2712 Ter
487 2647 609 2711 omittit
624 2649 663 2721 ὲςὶ
679 2648 712 2712 in
726 2648 828 2712 verbis
841 2647 1050 2733 sequentibus
1062 2662 1184 2714 auctor.

106 2803 110 2812 ,
190 2730 273 2794 Ibid.
290 2730 312 2794 l.
323 2748 354 2796 5.
368 2737 416 2808 τῆς
429 2757 516 2816 praep
545 2732 601 2816 ιάς]
619 2734 772 2818 Superius
787 2732 918 2818 quidem
932 2732 1116 2820 Dionysius
1126 2747 1185 2797 tres

145 2836 297 2900 personas
308 2815 427 2880 divinas
440 2817 485 2880 sic
524 2817 683 2902 istinguit,
697 2830 734 2881 ut
749 2817 811 2881 Dei
819 2816 1032 2881 uniuersorum
1043 2817 1184 2904 appella-

145 2899 268 2966 tionem
285 2902 368 2965 Patri
383 2901 524 2966 tribuere
539 2901 701 2966 videatur:
725 2915 759 2965 at
779 2901 916 2966 subinde
933 2915 1077 2967 mentem
1096 2925 1183 2968 suam

145 2985 319 3070 explicans,
335 2986 473 3050 divinam
487 2987 677 3052 Trinitatem
693 2986 726 3050 in
742 2986 897 3052 unitatem
914 3000 1050 3067 naturae,
1095 3010 1138 3053 ua
1154 2988 1184 3052 fit

144 3084 182 3135 ut
208 3093 290 3135 unus
317 3070 526 3135 arricersormn
554 3072 641 3136 Dens
670 3072 721 3149 sit,
750 3072 917 3135 convenire
943 3087 1054 3157 aperte
1071 3010 1183 3138 bocer.

145 3155 246 3242 Quod
275 3177 349 3220 cum
375 3156 421 3220 ita
446 3157 498 3236 sit,
520 3179 660 3243 cumque
688 3157 773 3220 idem
799 3172 928 3220 sanctus
995 3156 1098 3221 ntifex
1126 3157 1184 3222 tria

142 3241 299 3326 principia
314 3253 462 3327 respuat3
485 3241 563 3327 quid
577 3240 766 3305 rncnarclrioe
780 3241 910 3306 nomine
924 3241 951 3305 si
976 3240 1089 3321 ivelit,
1111 3243 1184 3307 satis

143 3325 276 3404 indicat,
301 3348 417 3413 nempe
438 3327 568 3391 unicum
590 3327 631 3390 ab
651 3327 785 3391 ecclesia
803 3326 891 3390 credi
909 3346 1016 3390 rerum
1039 3330 1182 3392 omnium

167 3411 349 3497 rincipium.
393 3414 465 3476 Nec
482 3412 523 3475 ab
535 3412 596 3475 hac
611 3411 767 3475 sententia
782 3412 943 3495 discrepat
953 3410 1044 3497 quod
1055 3412 1182 3477 Tertul-

143 3431 248 3558 lianus
263 3508 374 3560 contra
388 3497 538 3559 Praxeam
553 3518 581 3560 c.
594 3510 624 3559 3.
640 3496 740 3560 dicit:
763 3495 984 3559 Monarchiani
999 3494 1085 3559 nihil
1098 3495 1185 3561 alind

145 3578 321 3664 significare
334 3580 406 3657 scia,
423 3601 517 3665 qaam
532 3580 692 3667 singulare
706 3591 735 3644 et
750 3580 875 3644 unicum
891 3579 1065 3664 imperium.
1106 3581 1183 3646 Ideo

113 3732 119 3741 ¹
144 3664 230 3727 eninr
246 3665 375 3728 unicum
395 3680 445 3728 est
461 3664 643 3749 imperium,
666 3666 741 3751 quia
759 3665 949 3750 principium
969 3679 1020 3729 est
1040 3665 1184 3730 unicum.

144 3748 336 3813 Notandum
351 3770 424 3812 vero
440 3749 604 3834 quomodo
617 3750 835 3814 Tertullianus
854 3748 1052 3814 monarchiae
1066 3751 1184 3837 proedi-

144 3833 303 3898 cntionem
330 3855 406 3898 cum
432 3834 595 3898 Trinitatis
623 3835 683 3899 fide
707 3834 858 3898 conciliet
878 3847 975 3919 atque
997 3847 1184 3920 componat.

143 3918 361 4004 Exprobrarat
386 3918 433 3983 illi
459 3920 604 3996 Praxeas,
630 3919 720 4006 quod
747 3918 967 3984 monarchiam
994 3917 1185 3984 destrueret.

145 4002 211 4068 Cui
231 4002 298 4082 ille,
331 4003 394 4089 Qui
404 4002 528 4088 fllium,
548 4003 665 4091 inquit,
689 4025 751 4068 non
772 4003 898 4068 aliunde
919 4002 1049 4081 deduco,
1073 4003 1129 4068 sed
1147 4004 1185 4068 de

113 4098 115 4103 ’
146 4108 388 4154 suasrnurrn
406 4091 559 4167 Parme,
581 4088 664 4152 nihil
672 4089 849 4176 facientem
866 4088 931 4153 sine
944 4088 1054 4153 Patris
1074 4087 1186 4153 valan·

144 4183 221 4255 tate,
236 4195 354 4267 ornnem
369 4196 389 4240 a
404 4175 502 4258 Patre
522 4185 712 4240 consecutam
729 4184 927 4260 potestaten,
946 4172 1096 4262 quomoda
1112 4188 1186 4260 pas·
