2678 4756
257 259 311 327 ΙΝ
331 258 579 327 ANCYRANI
603 255 814 325 CONCILII
838 255 1065 325 CANONES.
1114 276 1179 346 439

147 432 229 494 itta
241 429 309 512 μηδὶ
321 426 507 516 πρισέότερον
520 427 641 503 sro'tuut.
669 428 738 516 megi
755 427 847 510 μέντοι
865 431 903 491 rei
920 427 1059 512 παρόντος
1072 426 1180 503 κανόνος

146 515 282 598 ἠθέλομεν
295 516 407 602 γράψαι
418 515 490 578 τινά·
512 516 567 578 ἐπεὶ
581 516 609 578 δὲ
624 519 637 587 ὁ
651 522 705 578 τῶν
717 513 933 599 χωρεπισκὸπων
945 516 1057 598 deripis
1067 538 1178 577 umr-

147 608 204 674 λῶς
218 600 402 685 baptismum,
416 601 480 670 otti<
493 603 567 683 ἡμεῖς
586 605 803 682 percussorium
816 599 1001 682 ἠθελῆσαμεν.
1035 598 1180 664 Aristoni

148 685 308 751 Scholion
323 686 394 774 jam
413 685 546 751 excitavi
559 687 600 751 ad
613 707 688 772 pag.
697 691 767 750 436.
803 684 939 749 Addidit
957 707 1032 751 vero
1053 697 1087 749 et
1107 685 1179 751 baec

147 770 331 851 Aristenus,
350 785 425 858 post
446 771 598 836 nonnulla
617 772 658 836 de
677 771 809 836 Canone
823 773 866 835 X.
889 769 1020 836 Consilii
1032 768 1179 836 Antioclt.

147 855 361 944 Epistoluque
373 858 408 922 S.
418 857 528 923 Basilii
537 859 587 921 M.
597 880 668 944 quae
678 869 728 921 est
737 856 778 921 de
788 855 1047 943 Chorepiscopir,
1055 877 1180 921 memo·

147 955 230 1021 rata,
244 943 454 1030 Χωρηῖσκοποι
475 943 502 1006 δέ
519 947 597 1021 εἰσιν,
611 949 635 1006 oi
648 943 763 1029 σήμερον
777 947 803 1006 ἐν
817 946 879 1017 ταῖς
895 942 1001 1025 κώμαις
1014 941 1061 1022 καὶ
1071 941 1121 1027 χώ
1167 967 1181 1017 ς

147 1029 371 1114 ermesendis,
384 1029 539 1113 λεγόμενοι.
580 1029 729 1095 Balsamo
744 1041 864 1108 autem,
878 1049 974 1114 quern
996 1027 1093 1112 paulo
1127 1049 1180 1092 or-

149 1128 235 1179 tasse
252 1114 465 1200 antiquiorem
485 1115 548 1179 hoc
563 1115 714 1179 Aristeno
734 1113 831 1179 fuisse
852 1125 961 1177 censet
977 1113 1182 1198 Beveregius,

148 1201 529 1270 commentariumsuum
542 1199 725 1264 senescente
739 1199 857 1264 saeculo
872 1198 1066 1264 duodecimo
1081 1198 1184 1284 scrip·

149 1283 230 1348 sisse
249 1286 291 1349 ab
313 1285 427 1351 eodem
448 1285 639 1362 ostenditur.
671 1286 748 1352 Vid.
770 1284 1001 1370 Prolegomena
1024 1280 1184 1369 Synodiot,

152 1371 184 1453 ξ.
197 1370 261 1435 xiv.
284 1392 317 1457 p.
331 1393 363 1434 x.
411 1371 497 1437 Cum
519 1393 593 1436 vero
618 1371 702 1436 inter
723 1370 856 1435 Latinos
877 1368 1183 1456 chorepiscoporum

149 1454 234 1521 ordo
246 1455 303 1527 diu
316 1468 463 1542 receptus
477 1472 571 1536 esset,
582 1457 700 1522 saeculo
714 1456 810 1521 etiam
825 1455 952 1521 decimo
990 1468 1083 1520 uarto
1096 1454 1184 1521 idem

149 1539 206 1607 ille
226 1540 333 1607 adbuc
354 1543 565 1628 permansisse
583 1555 681 1629 atque
696 1541 837 1608 extitisse
854 1542 886 1606 in
902 1542 979 1627 Aug
993 1542 1022 1606 'a
1036 1539 1185 1622 videturt

149 1640 250 1706 certe,
261 1627 417 1695 referente
430 1631 477 1715 H.
490 1629 675 1695 Whartono
686 1624 723 1692 in
733 1627 817 1693 libro
829 1625 1054 1714 DeEpiscopis
1062 1626 1185 1692 Londi-

148 1711 294 1777 ueusibus
310 1713 369 1777 διε.
386 1735 420 1799 p.
436 1725 504 1777 124.
519 1735 604 1779 anno
620 1728 706 1778 1332.
725 1712 880 1799 Stephani
902 1712 1044 1799 episcopi
1057 1713 1186 1779 chore.-

148 1797 242 1883 pisco
265 1819 314 1877 us,
333 1819 391 1863 seu
414 1800 509 1864 suffra
533 1821 643 1876 ancus,
665 1799 728 1864 fuit
749 1801 863 1864 Petrus
885 1798 1115 1874 Corbariensis,
1135 1797 1185 1863 vel

151 1819 368 1963 Combiensis,
387 1885 443 1971 qui
463 1820 640 1950 muitorum
662 1885 770 1970 episco
815 1906 886 1951 rum
904 1884 1075 1970 provinciae
1098 1884 1186 1948 Can·

149 1968 319 2048 turriensis
332 1969 503 2056 supplebat
511 1969 664 2049 officium,
678 1969 711 2034 in
726 1992 763 2035 or
788 1969 892 2034 'nibus
908 1969 1117 2049 celebrandis,
1130 1990 1186 2036 ec·

116 2060 121 2066 '
149 2053 256 2119 clesiis
284 2052 481 2133 dedicandis,
507 2056 694 2142 caterisque
723 2056 874 2121 omnibus
899 2054 940 2121 ad
975 2055 1192 2122 ministerium

149 2140 260 2224 episco
285 2139 296 2203 i
316 2141 547 2226 spectantibus.
567 2143 689 2207 ‘Porro
703 2140 787 2206 inter
801 2140 930 2207 codices
948 2142 1065 2207 MStos
1082 2140 1187 2205 Bibli-

148 2225 224 2297 oth.
261 2159 508 2307 bambethanae,
523 2249 606 2314 quos
619 2226 743 2377 primus
757 2227 903 2292 omnium
919 2227 990 2292 orbi
1004 2238 1099 2291 notos
1113 2226 1191 2292 fecit

148 2310 431 2377 reverendissimus
446 2323 555 2379 noster
568 2334 622 2379 src
646 2311 839 2400 iepiscopus‚
854 2333 929 2377 cum
943 2333 1112 2378 numerum
1127 2333 1188 2377 eo·

149 2416 224 2462 rum
244 2397 540 2468 munificentissime
557 2397 708 2479 auxisset,
724 2413 832 2463 extare
852 2398 970 2463 dicitur
988 2397 1030 2463 ad
1045 2418 1121 2484 pag.
1136 2408 1186 2463 su.

153 2479 304 2570 catougt
326 2503 426 2569 nuper
447 2482 526 2582 editi
546 2482 706 2582 Indimus
728 2483 1014 2568 chorepiscoporum
1036 2505 1089 2547 scu
1111 2482 1187 2570 Suf-

140 2564 537 2722 ittttffldtdt'itt
551 2569 1189 2741 sensumsensurn:

149 2737 280 2826 oppidis
293 2737 345 2803 lex
358 2739 494 2804 Henrici
508 2739 613 2805 octavi
625 2739 852 2805 constituebat.
885 2741 968 2888 ἕως
984 2739 1113 2826 quidem
1126 2741 1190 2820 lex,

150 2835 191 2888 ut
212 2823 319 2891 obiter
339 2823 374 2889 id
393 2837 516 2902 notem,
530 2825 564 2888 in
579 2823 711 2924 aliquod
722 2837 849 2911 tempus
864 2847 885 2889 o
908 2824 1040 2890 tinuisse
1053 2824 1189 2906 videtur,

152 2904 268 2974 decern
287 2907 375 2973 enim
389 2908 526 2975 virorum
542 2909 646 2973 invem
660 2910 802 2987 nomina,
814 2910 997 2996 Monoyng,
1015 2909 1139 2981 Sulislru
1177 2957 1189 2990 ,

154 2992 331 3073 Ttmden,
349 2992 481 3082 Regem,
507 2993 682 3081 Hodgkins,
708 2994 826 3078 Byrde,
852 2993 995 3073 Thomas,
1017 2994 1190 3077 Helbeoc,

151 3078 288 3158 Bomos,
311 3079 431 3158 Sterne,
451 3079 509 3166 qui
531 3077 731 3180 temporibus
756 3077 900 3165 ejusdem
922 3078 1057 3146 Henrici
1076 3080 1126 3145 vel
1146 3080 1189 3145 li·

152 3164 305 3231 berorum
326 3164 396 3253 ejus
417 3166 610 3251 suffragans-1
628 3164 772 3249 episcopi
791 3165 940 3244 fuerunt3
963 3165 1084 3230 educet
1109 3164 1190 3251 Gip-

149 3249 350 3336 ptsvt'oensis,
361 3250 614 3337 Thetfordienst's,
622 3247 811 3329 Duorum,
824 3249 1066 3401 Bedssordicnris,
1077 3251 1189 3321 Pentri·

154 3334 283 3415 tironis,
313 3335 595 3416 Slrrcwsbuiieusir,
624 3333 862 3417 Brittolr‘amis,
911 3335 1190 3423 ottingbomiensis,

152 3420 451 3513 -Coloestriensirque
473 3421 666 3506 suffraganei
689 3421 814 3507 vocati3
835 3443 974 3508 quorum
994 3422 1062 3488 duo
1082 3421 1191 3489 ultimi

151 3506 290 3659 pperirrppe
302 3528 342 3573 ao
355 3508 479 3602 Rogers
490 3507 544 3572 ille
555 3506 745 3585 Elizabetba
758 3517 912 3595 regnante
924 3507 1091 3578 constituti
1103 3521 1191 3575 sunt.

264 3614 320 3659 um
331 3592 463 3679 quidem
474 3604 634 3659 memorat
644 3591 776 3672 Collier.
788 3592 823 3657 i'n
833 3591 921 3658 Hist.
932 3591 1052 3658 Ecolos.
1064 3586 1190 3661 Britan.

151 3678 221 3755 rol.
235 3677 269 3743 ii.
286 3677 344 3743 lib.
357 3677 410 3743 vii.
424 3698 501 3764 pag.
513 3684 583 3755 6³7.
604 3677 646 3743 de
661 3677 817 3764 Bornesio
838 3699 911 3745 vero
936 3678 1007 3767 agit
1026 3679 1190 3748 Antonius

148 3763 284 3843 wood,
295 3762 413 3831 Athen.
429 3763 528 3829 Onon.
542 3763 605 3833 vol.
615 3763 639 3829 i.
652 3785 687 3850 p.
697 3775 769 3840 7⁰8.
876 3818 883 3830 .

532 3910 697 4028 cANou
724 3961 818 4028 xlv.

201 4078 239 4162 Ρ.
249 4107 319 4165 412.
334 4096 357 4162 l.
370 4112 402 4164 2.
423 4094 614 4185 σρεσὲύτὲρες
628 4096 645 4175 ἢ
657 4095 782 4171 διακένως
798 4095 891 4179 ὄντας]
908 4094 990 4160 Can.
1005 4095 1129 4181 Gangr.
1145 4096 1193 4164 II.

148 4181 364 4261 ,Hnuuutm
407 4183 548 4261 Pertinet
568 4183 684 4334 Canprp
694 4181 755 4334 isse
769 4180 819 4260 ¹ad
838 4201 968 4283 agapps,
984 4198 1058 4270 quae
1076 4202 1194 4318 vocan-
