2678 4756
78 4200 119 4385 l,

455 688 1024 785 ANNOTATIONES
1094 795 1098 801 ,
1189 775 1196 780 ,

223 850 228 858 Ι
268 934 330 1038 IN
358 935 609 1032 DIONYSII
639 941 773 1021 ROM.
803 936 1217 1033 FRAGMENTUM.

606 1189 874 1228 ...αφ-...-
908 1206 916 1222 .

157 1416 162 1429 ,
249 1366 705 1448 ,P.179.l.1.D10nss11]
734 1367 820 1430 Cum
850 1379 1009 1431 narrasset
1033 1362 1195 1444 Eusebius
1223 1383 1263 1426 ex

223 1448 361 1534 epistola
377 1452 528 1538 Dionysii
542 1453 749 1516 Alexandrini
762 1453 801 1516 ad
817 1451 1046 1537 cognominem
1066 1451 1263 1526 Romanum,

207 1533 341 1599 'libavit
356 1535 443 1599 Hist.
458 1536 545 1601 Eccl.
562 1560 632 1622 cap.
644 1553 671 1601 8.
688 1534 792 1622 ipsum
814 1537 900 1601 hunc
916 1533 1098 1609 Romanum
1113 1534 1265 1617 testimo·⁴

226 1618 282 1692 nio
296 1620 503 1685 Alexandrini
514 1623 658 1708 praesulis
673 1622 915 1688 eniditissimnm
928 1620 1083 1707 planeque
1102 1619 1264 1682 admirun-

226 1703 301 1787 dnm
320 1705 421 1768 virum
440 1707 548 1787 fuisse,
566 1711 675 1772 Petrus
692 1709 912 1785 Constantius,
928 1708 984 1792 qni
1004 1707 1037 1769 in
1056 1706 1264 1771 Romanorum

226 1789 382 1879 Epistolis
397 1793 582 1879 Pontificum
604 1794 834 1879 fragmentum,
854 1792 941 1878 quod
963 1791 1120 1878 seqnitur,
1135 1790 1265 1883 Diony·

227 1875 352 1940 sianum
373 1878 491 1962 posuit,
515 1878 586 1943 haec
609 1878 739 1964 insuper
759 1878 932 1942 adnotavit.
950 1885 973 1917 “
984 1875 1184 1940 Eruditionis
1200 1873 1265 1937 sin·

227 1966 251 2000 “
266 1960 388 2049 gularis
409 1964 550 2048 landem,
573 1987 670 2050 quam
696 1965 854 2028 Eusebius
878 1962 1029 2048 Dionysii
1056 1959 1266 2024 Alexandrini

228 2048 452 2124 “testimonio
471 2049 571 2112 fultus
586 2050 746 2135 Dionysio
758 2062 868 2113 nostro
883 2047 1041 2124 attribuit,
1057 2045 1106 2108 vel
1122 2043 1212 2131 quod
1227 2066 1266 2107 ex

224 2136 250 2192 2“
266 2133 335 2219 ejus
363 2134 488 2224 scriptis
512 2148 657 2220 superest
687 2135 915 2220 fragmentum,
941 2133 988 2197 illi
1009 2131 1084 2194 satis
1108 2148 1266 2215 superque

227 2223 251 2256 “
267 2218 429 2282 conciliat.
474 2221 511 2281 In
529 2220 661 2284 eodum
680 2220 860 2282 Sabelliana
872 2218 1041 2303 profligare
1052 2215 1162 2280 studet
1173 2237 1266 2278 com·

187 2389 189 2393 y
227 2308 252 2342 “
268 2318 385 2381 menta,
406 2303 501 2366 simul
522 2319 554 2367 et
573 2304 645 2367 Arii
666 2318 697 2367 et
715 2304 944 2368 Tritheitarum
967 2301 1085 2388 placita
1104 2298 1268 2386 praevertit

229 2392 253 2426 “
268 2400 365 2473 atque
382 2390 542 2472 pervertit,
557 2411 594 2451 ao
609 2390 753 2453 Nicaenae
769 2389 906 2475 synodo,
920 2411 1015 2473 quam
1028 2400 1143 2471 postea
1153 2405 1268 2470 seque·

229 2477 254 2511 ‘⁴
269 2485 354 2535 retur
370 2473 546 2558 ceterisque
562 2475 758 2558 sequendam
780 2475 964 2539 decerneret
982 2472 1088 2548 fidem,
1110 2491 1269 2555 praemon-

232 2562 254 2596 “
269 2558 412 2620 stravit.’'
438 2560 470 2620 P.
482 2572 551 2632 271.
597 2560 659 2622 Sed
676 2561 739 2622 hoc
755 2561 828 2622 loco
843 2559 974 2622 minime
989 2556 1169 2619 omittenda
1185 2567 1269 2629 sunt,

232 2663 304 2727 quae
332 2643 418 2705 idem
445 2644 607 2727 congessit
636 2644 846 2708 Constantius
875 2643 916 2707 ad
943 2642 1103 2728 originem
1133 2640 1269 2727 hujusce

231 2727 342 2819 scripti
356 2728 545 2812 pertinentia
554 2753 564 2808 3
587 2731 730 2814 sequitur
746 2752 825 2815 ergo

259 2983 386 3078 unum
411 2983 691 3047 cousranrn
714 2983 906 3048 nonum
927 2980 1253 3047 nprsronanun

534 3087 746 3182 oronnsn
770 3085 970 3150 nonani.

207 3279 209 3284 ·
279 3251 301 3284 “
318 3243 487 3330 Dionysius
507 3242 739 3316 Alexandrinus
758 3243 897 3319 antistet,
919 3241 971 3304 oti
994 3242 1078 3325 apud
1099 3240 1270 3305 Ptolemai-

236 3337 258 3370 “
273 3329 341 3392 dem
352 3329 553 3413 Pentapoleos
567 3328 671 3398 urbem
684 3340 823 3391 exortum
835 3327 954 3391 audivit
972 3325 1100 3390 Satettii
1117 3326 1271 3404 haeresint,

236 3420 261 3454 “
276 3436 349 3498 qnce
364 3424 481 3476 sunctae
497 3412 663 3476 Trinitatis
674 3406 819 3498 personas
833 3412 1048 3498 contrudebat,
1065 3411 1103 3475 de
1118 3412 1271 3498 lichys·

238 3506 263 3538 “
280 3509 346 3560 tum
356 3513 472 3581 popum
487 3497 648 3560 certiorem
648 3499 771 3583 fucere,
786 3510 815 3562 et
831 3498 981 3584 qreusdum
996 3519 1032 3561 eo
1047 3497 1084 3560 de
1098 3519 1195 3560 cansa
1208 3496 1271 3584 epi·

239 3589 262 3622 “
277 3581 371 3645 stolus
387 3604 406 3644 a
421 3605 451 3645 se
466 3582 651 3665 conscriptus
664 3583 693 3663 ei
707 3585 830 3647 mittere
836 3582 1019 3668 festinavit.
1065 3583 1155 3647 Teste
1170 3592 1273 3657 nutem

239 3673 264 3706 “
279 3666 423 3744 Eusebio,
446 3690 465 3730 u
483 3666 632 3752 Dionysio
647 3666 863 3746 Alexandrino
878 3667 1021 3752 epistolae
1035 3672 1149 3730 contra
1164 3665 1274 3730 Sabel-

239 3758 262 3791 “
277 3752 355 3815 lium
372 3752 499 3836 scriptae
515 3752 642 3816 suntad
659 3755 853 3816 Ammonem
868 3753 1113 3830 Berenicensem
1133 3751 1180 3833 (in
1195 3755 1275 3815 Pen-

239 3843 262 3876 “
278 3835 387 3920 tupoli)
405 3838 604 3923 episcopum,
620 3861 685 3901 una
707 3839 748 3902 ad
762 3838 1006 3923 Telesphorum,
1022 3836 1062 3920 ad
1081 3835 1276 3921 Euphrano·

240 3929 262 3962 “
277 3945 344 3986 rem
365 3922 474 4001 altera,
497 3924 609 3987 etalio
631 3946 739 3988 rursus
761 3923 802 3986 ad
818 3923 1016 3986 Ammonem
1038 3937 1072 3992 et
1094 3923 1275 4004 Euporum.

241 4015 266 4049 “
281 4008 476 4071 Nominutim
490 4031 558 4072 nero
575 4008 712 4092 epistolis
731 4009 795 4094 ejus
815 4009 857 4072 ad
871 4008 1054 4072 Ammonem
1074 4017 1104 4071 et
1125 4006 1276 4092 Euphra·

239 4100 263 4163 .‘,‘
278 4116 382 4158 norem
397 4093 538 4158 nonnulli
552 4093 638 4174 moti,
650 4093 741 4158 illum
755 4095 796 4158 ud
810 4095 983 4184 Romanum
994 4089 1173 4186 pontificem
1187 4092 1276 4175 detn-
