2678 4756
144 287 208 375 ,σε
412 285 686 376 nnnrpurnr
716 284 915 389 sacrm.

145 457 222 524 tatis
243 469 466 544 pervenerunt,
488 458 545 524 sed
568 457 673 546 magis
694 458 814 546 gratias
836 461 912 530 Deo
932 469 1051 528 nostro
1079 461 1192 528 referre

146 567 253 645 decet,
271 566 327 653 qui
348 578 381 632 te
402 567 525 641 bonurn
547 567 798 639 instrumentum
819 569 853 634 ln
874 591 942 637 rem
965 571 1097 639 bonam
1119 596 1193 639 con-

145 678 234 758 fecit,
248 690 345 765 teque
363 677 450 766 apud
472 677 650 766 Principem
670 679 866 760 sublimavit,
880 691 918 746 ut
937 680 1125 748 Christiani
1142 706 1193 748 no·

145 784 243 857 minis
259 790 394 857 odorem
410 792 442 856 in
459 813 549 857 suam
564 791 703 879 gloriam
721 803 754 857 et
773 792 952 860 multorum
975 794 1122 861 salutem
1136 794 1194 861 diti

145 901 308 967 funderes.
363 903 451 967 Nam
480 916 603 990 quanto
631 901 735 990 magis
765 903 916 993 Princeps
944 903 1019 992 ipse
1048 905 1214 978 nondums

12 1029 30 1097 ’ἱ
146 1011 338 1079 Christiana
357 1012 505 1099 religioni
523 1011 712 1100 adscriptus,
731 1011 808 1102 ipsis
830 1013 1026 1080 Christianis
1050 1015 1141 1082 velut
1160 1016 1193 1081 fi-

145 1122 321 1188 delioribus
337 1123 433 1188 vitam
448 1135 482 1188 et
494 1145 611 1210 corpus
625 1146 721 1189 suum
736 1124 914 1190 curandum
929 1125 1092 1208 credidit,
1107 1140 1193 1194 tanto

145 1234 240 1302 decet
260 1258 316 1299 vos
336 1235 536 1312 solicitiores,
550 1258 588 1300 ac
609 1235 643 1300 in
664 1235 750 1301 illius
770 1237 906 1303 salutem
929 1254 963 1304 et
984 1262 1106 1305 curam
1126 1240 1194 1306 dili·

145 1346 309 1432 gentiores
323 1367 392 1410 esse
403 1357 437 1410 et
447 1345 692 1432 prospectiorem
707 1359 744 1413 ut
756 1369 814 1436 per
827 1347 861 1413 id
876 1347 1059 1434 plurimum
1076 1349 1193 1418 Christi

145 1479 265 1523 nomen
286 1455 494 1543 glorificetur,
515 1468 549 1521 et
567 1455 653 1521 illius
674 1455 752 1525 fides
771 1478 829 1544 per
847 1480 902 1528 vos
925 1459 985 1546 qui
1009 1461 1191 1549 Principem
1200 1481 1228 1533 ιο

144 1566 269 1646 fovetis,
287 1566 431 1654 quotidie
451 1579 628 1653 augeaturr
650 1588 725 1631 narn
746 1566 823 1654 quia
845 1589 904 1633 nos
923 1569 1097 1636 maleficos
1117 1571 1191 1637 olim

144 1687 178 1740 et
192 1675 343 1752 omnibus
356 1675 485 1762 flagitiis
498 1675 632 1741 refertos
647 1676 794 1741 nonnulli
809 1677 928 1763 priores
946 1677 1120 1776 Principes
1132 1702 1191 1778 pn·

143 1797 301 1866 taverunt,
317 1785 372 1851 sed
384 1785 454 1874 jam
472 1786 614 1853 videntes
629 1800 731 1854 vestra
747 1787 834 1853 bona
854 1807 954 1875 opera
974 1810 1046 1854 non
1072 1789 1192 1877 possint

145 1896 205 1963 nisi
220 1897 325 1986 ipsum
344 1898 511 1983 Christum
525 1898 716 1986 glorificare.

188 2009 234 2072 II.
264 2008 378 2095 Itaque
400 1994 532 2074 summa
550 2031 613 2096 ope
636 2010 725 2075 vobis
749 2008 958 2077 adnitendum
985 2023 1051 2092 est,
1075 2035 1117 2078 ne
1139 2033 1224 2089 uos15

145 2116 267 2205 aliquid
289 2130 385 2205 turpe
408 2133 464 2184 aut
487 2118 706 2200 inhonestum,
726 2143 766 2184 ne
789 2121 988 2208 flagitiosum
1014 2102 1189 2202 nominem,

144 2228 299 2310 sentiatis,
313 2251 354 2293 ne
369 2229 491 2293 Christi
504 2251 624 2312 nomen
635 2251 693 2316 per
708 2230 865 2318 vosipsos
879 2229 1140 2318 blasphemetur.

187 2341 285 2405 Absit
312 2363 332 2404 a
355 2339 454 2419 vobis,
478 2351 515 2403 ut
540 2337 663 2404 aditum
691 2338 787 2404 alicui
813 2339 856 2406 ad
881 2340 1066 2428 prinoipem
1091 2339 1188 2430 pretio

143 2450 300 2529 vendatis,
316 2463 352 2514 ut
371 2449 541 2515 inhonesta
560 2461 617 2514 aut
637 2449 785 2536 precibus
801 2462 859 2515 aut
871 2449 976 2537 pretio
992 2451 1073 2517 victi
1087 2451 1190 2540 aliquo

144 2574 242 2649 pacto
266 2561 403 2646 Principi
423 2559 615 2646 suggeratis.
661 2560 776 2624 Omnis
796 2561 933 2626 avaritiae
955 2561 1057 2627 ardor
1071 2585 1092 2627 a
1106 2561 1225 2634 vobi'sro

144 2653 309 2751 abscedat,
323 2670 421 2758 bquae
440 2668 652 2735 idololatriam
673 2670 781 2757 potius
802 2694 899 2760 quam
917 2671 1046 2738 Christi
1066 2673 1190 2760 religio-

145 2805 220 2849 nem
247 2795 406 2869 operatur.
450 2781 588 2847 Nullum
613 2794 706 2868 turpe
727 2781 853 2847 lucrum
878 2781 1085 2865 Christiano,
1108 2782 1190 2850 nulls

144 2894 316 2981 duplicitas
342 2893 510 2958 convenire
535 2903 655 2978 potest,
680 2890 736 2977 qui
760 2891 924 2956 Christum
951 2892 1136 2980 simplicem
1159 2903 1191 2958 et

145 3007 270 3072 nudum
284 3004 503 3093 amplectitur.
539 3006 665 3071 cNulla
680 3006 864 3085 scurrilitas,
880 3019 937 3071 aut
953 3008 1189 3096 turpiloquium

144 3117 296 3183 intervos
312 3117 480 3182 habeatur.
517 3116 637 3181 Omnia
651 3139 725 3182 curn
742 3115 913 3197 modestia,
928 3117 1101 3197 comitate,
1116 3118 1225 3188 uffa-n

144 3228 268 3294 bilitate
288 3239 321 3291 et
336 3226 464 3314 justitia
482 3226 662 3313 exigantur,
679 3227 763 3291 utin
777 3226 928 3292 omnibus
944 3249 1069 3294 nomen
1082 3228 1147 3295 Dei
1159 3240 1190 3298 et
1213 3264 1218 3270 ·

144 3338 281 3405 Domini
295 3312 396 3401 nostri
410 3338 488 3402 Jesu
504 3334 626 3402 Christi
639 3336 848 3423 glorificetur.

188 3448 304 3515 Officia
316 3461 420 3513 vestra
434 3447 475 3512 ad
490 3472 564 3535 quae
583 3447 702 3534 singuli
722 3448 891 3513 constituti
904 3448 993 3528 estis,
1009 3451 1104 3517 omni
1119 3474 1189 3518 cum

145 3558 263 3622 timore
289 3559 353 3622 Del
377 3572 411 3622 et
437 3580 547 3622 amore
573 3557 739 3644 Principis,
763 3571 860 3646 atque
885 3573 999 3625 exacta
1026 3562 1191 3650 diligentia

146 3668 361 3755 exequamini.
404 3669 601 3733 Mandatum
623 3668 777 3755 Principis
801 3668 890 3756 quod
914 3670 1028 3736 Deum
1054 3696 1122 3740 non
1143 3674 1225 3749 olto

148 3779 263 3859 lendit,
283 3779 324 3843 ab
346 3779 416 3868 ipso
438 3781 512 3844 Deo
532 3778 725 3869 processisse
743 3779 875 3866 putetis,
890 3801 1000 3845 amore
1022 3782 1144 3870 pariter
1160 3795 1191 3850 et

146 3891 274 3971 timore,
288 3877 385 3977 atque
405 3888 493 3954 omni
511 3910 587 3954 cunr
604 3887 810 3975 jucunditate
829 3889 982 3975 perficite.
1029 3892 1126 3958 Nihil
1144 3906 1190 3958 est

146 4002 233 4067 enirn
250 4000 339 4090 quod
361 3999 528 4070 hominem
551 3997 679 4087 magnis
700 3997 930 4088 agitationibus
950 4000 1129 4090 fatigatum
1148 4002 1190 4068 ita

339 4234 463 4286 1ὈοΙοεε.
474 4236 508 4285 iii.
521 4248 545 4287 ⁵.
735 4249 739 4255 ·
806 4239 960 4304 ‘Ephenn
970 4251 997 4291 s.
