2678 4756
286 258 522 332 ANNOTAT.
538 262 591 331 IN
605 261 827 329 HYMNUM
840 263 1048 333 VESPERT.
1122 288 1193 361 301.

143 436 191 500 ob
206 434 430 522 antiquitatem
446 435 619 522 plusquam
635 435 734 499 semel
750 435 862 500 laudat
877 436 911 499 St
926 437 1074 505 Basilius.
1101 438 1196 504 Ante

144 520 271 597 dixerat
297 543 332 585 se
354 534 504 585 coactum
527 521 668 606 proferre
692 520 778 585 hunc
803 521 962 607 hymnum
987 523 1018 586 in
1044 523 1191 589 testimo·

145 607 238 673 nium
252 608 296 670 διὰ
310 610 356 685 τὴν
370 615 418 670 τοῦ
431 606 531 693 χρόνον
545 605 722 692 ἀρχαιότητα
735 622 865 692 propter
879 608 1033 693 temporis
1048 609 1189 694 antiqui·
1286 620 1290 627 ’

142 685 260 763 tatem.
303 693 346 755 Et
367 692 503 771 videtur,
529 695 616 774 (nam
640 691 693 755 hic
717 692 793 756 solis
815 692 1008 780 conjecturis
1026 694 1190 842 aqeudum

144 778 209 858 est)
228 777 291 840 sive
313 799 353 840 ex
371 778 537 841 communi
557 777 685 841 decreto
705 777 883 857 institutus,
898 778 961 842 sive
979 778 1050 841 inva
1062 793 1196 855 escensa

144 861 381 947 consuetudine
395 877 556 948 receptus,
571 875 605 926 et
619 861 707 948 apud
725 863 883 948 populum
898 864 1038 931 maxime
1051 864 1190 929 familia·

144 946 191 1009 ris
207 946 362 1026 redditus,
377 949 433 1034 qui
452 969 510 1033 pro
529 945 628 1012 more'
641 947 763 1012 solenni
786 948 868 1013 hanc
889 948 1068 1034 gratiarum
1086 951 1191 1016 actio·

143 1025 195 1104 riis
222 1033 394 1098 formulam
422 1044 592 1118 appetente
617 1045 712 1096 nocte
738 1033 925 1119 usurpabat.
975 1033 1066 1098 Male
1089 1035 1195 1121 igitur¹

144 1117 268 1192 Graeci,
282 1141 348 1204 quo
362 1131 607 1182 auctoramento
624 1118 698 1181 freti
711 1118 834 1198 nescio,
847 1117 935 1183 huuc
951 1120 1111 1205 hymnum
1129 1121 1197 1197 So-¹

142 1201 285 1286 phronio
304 1203 496 1310 patriarchae
520 1199 820 1288 Hierosolymitano
843 1204 1041 1268 adscribunt.
1095 1198 1194 1273 Hanc

143 1308 221 1365 vero
235 1291 392 1373 ἐτιλυχνιον
410 1288 573 1375 εὐχαριςίαν
590 1309 756 1374 perperam
778 1289 948 1353 confundit
966 1288 1011 1352 vir
1029 1291 1202 1378 maximus,

144 1372 366 1459 D.,Usserius
388 1395 463 1437 cum
488 1373 640 1460 ἐπικοχνίρ
662 1374 783 1459 ψαλμῷ,
807 1374 863 1460 qui
885 1388 935 1438 est
958 1374 1103 1440 Psalmus
1125 1376 1201 1443 cxl.

137 1455 236 1543 juxta
249 1480 398 1522 numeros
413 1460 558 1536 Graeeos,
571 1458 619 1522 uti
628 1457 781 1522 Psalmus
796 1458 862 1523 lxii.
876 1459 982 1523 dictus
993 1460 1071 1524 esti
1105 1487 1191 1548 ρινοςι

145 1540 235 1627 q'uod
251 1538 485 1607 ex³Athanasio
499 1544 532 1607 in
547 1542 693 1627 Epistola
706 1541 749 1606 ad
764 1539 1003 1624 Marcellinum,
1016 1558 1049 1610 et
1086 1569 1104 1609 e
1117 1547 1193 1612 V-ir·

144 1626 293 1710 ginitate,
308 1640 342 1691 et
358 1650 398 1692 ex
418 1628 706 1693 constitutionibus
721 1629 921 1715 Apostolicis
939 1630 1067 1695 abunde
1088 1646 1192 1718 patet.

145 1709 221 1776 Lib.
236 1712 270 1777 ii.
286 1735 358 1798 cap.
369 1729 419 1791 59.
436 1729 470 1777 et
484 1713 539 1777 lib.
554 1712 618 1776 viii.
636 1735 707 1799 cap.
719 1729 770 1777 35.
785 1737 858 1777 nam
871 1716 1028 1799 ¹pronime
1042 1718 1193 1805 ⁸sequitur

144 1817 218 1882 cap.
235 1805 286 1861 36.
309 1799 506 1885 προσφώνησις
529 1799 699 1884 ὲτιλόχνιος,
722 1799 786 1862 sive
812 1799 927 1864 Oratio
951 1802 1150 1881 LucernallS,
1171 1825 1194 1869 a

147 1882 277 1955 Psalmo
301 1883 461 1962 distincta,
483 1896 518 1948 et
538 1882 690 1969 εὐχαριςία
712 1883 870 1968 ἐπιλύχνιος
891 1907 910 1946 a
929 1898 1038 1949 nostra
1057 1888 1193 1954 omnino

146 1966 340 2047 diversam
360 1969 458 2055 longe
481 1968 630 2066 amplior,
654 1989 714 2054 cap
732 1979 783 2044 37.
807 1968 856 2032 uti
877 1969 932 2033 illa
954 1992 1095 2117 quoque,
1118 1995 1192 2058 quae

145 2066 223 2136 post
248 2053 409 2138 hymnum
435 2067 630 2118 matutinum
661 2053 817 2138 sequitur,
840 2066 874 2118 et
900 2055 963 2119 titu
978 2077 1033 2118 um
1061 2059 1194 2143 praefert

145 2143 285 2224 ἑσπερινῢ,
300 2139 355 2204 lib.
370 2139 422 2202 vii.
437 2161 509 2224 cap.
520 2152 570 2202 48.
594 2139 789 2203 Summus.

166 2298 169 2303 Ι
192 2222 247 2304 Sic
268 2223 310 2288 de
327 2224 452 2311 hymno
474 2223 622 2309 exposuit
639 2222 685 2286 vir
705 2222 909 2302 clarissimus,
929 2224 1070 2311 Collegii
1091 2228 1194 2294 nostri

146 2328 306 2394 magnum
329 2310 438 2374 decus.
493 2311 604 2395 Atque
632 2328 696 2392 ego
725 2308 759 2372 S.
785 2308 896 2372 Basilii
922 2311 973 2373 M.
1000 2312 1193 2394 auctoritate

146 2393 242 2479 nixus
263 2395 389 2459 caeteris
410 2416 574 2481 germanae
598 2392 797 2478 antiquitatis
821 2392 947 2480 scriptis
974 2395 1036 2458 hoc
1061 2418 1192 2465 carmen

146 2477 292 2564 adjunxi.
329 2481 402 2553 Jam
420 2501 494 2545 vero
508 2501 547 2544 ex
562 2478 677 2543 eodem
693 2478 814 2557 Basilio
830 2479 986 2565 ampliora
1000 2481 1191 2564 describam,

170 2585 215 2629 uo
229 2564 334 2650 magis
349 2565 394 2628 vis
408 2564 590 2650 argumenti
611 2563 651 2627 ab
673 2585 713 2627 eo
735 2585 774 2631 ex
795 2562 921 2651 hymno
942 2566 1034 2651 petiti
1053 2565 1191 2635 eluceat.

146 2585 202 2731 lta
214 2649 303 2713 enim
315 2649 371 2715 ille
383 2671 459 2736 cap..
467 2665 518 2729 29.
541 2648 631 2713 Libri
644 2650 696 2712 De
711 2649 834 2733 Spiritu
850 2651 884 2715 S.
899 2666 1074 2736 postquam
1090 2654 1193 2725 multa

146 2730 334 2798 testimonia
347 2748 490 2799 veterum
506 2735 699 2820 scriptorum
718 2733 838 2814 attulit,
854 2735 886 2799 in
903 2737 1020 2822 quibus
1034 2740 1194 2825 praeposi·

146 2818 197 2892 tio
218 2820 268 2882 σὺν
288 2832 362 2885 ante
381 2819 456 2906 ἁγίῳ
475 2819 617 2902 πνεύματι
634 2819 820 2898 adhibetur,
834 2833 866 2885 et
885 2823 970 2886 Patri
990 2836 1087 2909 atque
1110 2826 1136 2888 F
1135 2824 1191 2889 ilio

147 2925 215 2993 una
233 2926 309 2985 cum
330 2905 452 2992 Spiritu
468 2906 501 2969 S.
521 2904 627 2991 gloria
643 2905 840 2983 attribuitur,
854 2911 901 2969 Ταὶ
914 2908 965 2989 μὲν
980 2907 1023 2971 οὖν
1037 2906 1128 2988 ἄνια,
1144 2910 1192 2974 in-

146 2987 233 3089 quit,
243 2988 331 3076 τοχδν
347 2992 395 3056 καὶ
410 2995 573 3070 ἁπιςηθῆνορ
584 2989 706 3069 litatur,
721 2989 736 3067 ἢ
753 2989 799 3070 καὶ
812 2990 1031 3078 μεταγραφέντα
1044 2990 1192 3081 δυσφώρα-

146 3099 196 3147 τον
210 3074 284 3161 ἔχειν
298 3080 345 3160 τὴν
360 3074 530 3161 κακεργίαν,
546 3079 572 3137 ἐν
587 3080 641 3157 μιοῖ
655 3073 785 3160 anabadi
808 3075 853 3158 (h.
866 3098 894 3139 e.
910 3079 972 3158 σὺν)
993 3082 1041 3154 τῆς
1064 3078 1192 3163 διαφορᾶς

146 3163 206 3223 ὁποι
250 3158 327 3238 ἔσης·
351 3159 371 3224 οἳ
393 3162 421 3224 δὲ
442 3164 486 3226 ha
506 3138 680 3247 μακροτέρας
693 3166 740 3236 τῆς
754 3160 853 3236 λέξεως
866 3161 1067 3248 παρεθέμεθα,
1079 3165 1130 3226 ’καὶ
1144 3170 1193 3245 τὴν

147 3185 292 3324 {ritihus
307 3247 457 3332 διαφεύγει,
470 3248 491 3332 ιζ,
505 3251 553 3325 τὴν
567 3243 721 3332 μαρτυρίαν
736 3249 783 3308 ἀπ’
799 3241 955 3309 αὐτῶντῶν
966 3248 1205 3356 σιιγῘραμμοίτωκ1

147 3324 337 3394 εὔατόδειιιτον
351 3331 421 3417 ἔχει.
449 3331 463 3394 i
484 3333 511 3409 δὲ
532 3328 627 3404 ἄλλως
647 3331 697 3412 μὲν
716 3329 782 3404 ἰ’σως
803 3332 984 3418 μικροπρεπὲς
1005 3359 1035 3410 ην
1052 3337 1088 3408 εἰς
1107 3335 1193 3415 μέσον

146 3412 274 3501 dyada,
292 3422 331 3500 τῷ
353 3419 381 3479 δὲ
401 3416 577 3499 καινοτομίαν
597 3415 783 3500 ἐγκαλεμένῳ
804 3420 959 3500 ἀναγκαῖον
979 3421 1015 3492 εἷς
1036 3420 1192 3507 μαρτυρίαν

146 3501 196 3563 θινὶ
208 3507 256 3563 τοῦ
268 3501 370 3587 χρόνου
382 3506 429 3580 τὴν
444 3502 636 3586 ἀρχαιότητα,
648 3507 715 3565 trito
734 3503 763 3579 δὴ
784 3503 831 3564 καὶ
850 3502 1020 3588 προσθήσω.
1050 3505 1121 3583 ἔδοξε
1135 3512 1192 3583 τοῖς

146 3585 297 3671 πατράσιν
316 3594 391 3670 ἡμῶν
408 3592 447 3669 μὴ
466 3592 555 3671 σιωπῇ
578 3590 625 3664 τὴν
645 3586 733 3671 χάριν
751 3591 788 3648 rai
811 3592 938 3674 ἑσπερινὲ
953 3589 1041 3671 puris
1057 3589 1192 3675 δέχεθαρ

146 3673 218 3756 ἀμ’
234 3673 313 3746 εὐθὺς
327 3671 454 3754 φανέντος
467 3676 635 3758 εὖχαριςεῖν,
649 3674 671 3757 ’lt
687 3670 761 3745 ὅστις
775 3673 826 3753 μὲν
842 3677 854 3733 ὁ
870 3677 968 3760 πατὴρ
988 3682 1043 3738 τῶν
1063 3678 1192 3761 ῥημάτων

147 3755 255 3820 ἐκείνων
269 3762 319 3834 τῆς,
330 3759 489 3842 ἐπιλνχνῖου
505 3756 679 3844 εὐχαριςῖας,
694 3761 774 3835 εἰπεῖν
789 3759 824 3819 ἐκ
841 3755 951 3845 ἔχομεν·
976 3765 989 3821 ὁ
1003 3759 1053 3841 μέν
1068 3787 1109 3825 τοι
1125 3765 1194 3839 λαιός

146 3830 277 3926 ἀρχαίαν
297 3843 394 3926 ἀφίησι
416 3847 464 3922 τὴν
486 3848 581 3924 φωνὴν,
597 3840 643 3922 καὶ
664 3843 744 3904 οὐδενὶ
764 3843 881 3906 πώποτε
896 3841 1006 3908 asserta
1020 3848 1193 3928 ἐνομίσθησαν

147 3933 179 4009 oi¹
188 3925 327 4011 λέγοντες·
352 3931 465 4011 αἲνέμεν
480 3929 610 4014 Πατέρα,
625 3929 648 4014 ιζ,
664 3929 742 4007 Ύὶὸν,
764 3926 903 4014 κ’,Ἅγιον
922 3937 1038 4012 πνεῦμα
1061 3936 1145 4013 (aaa.
1169 3939 1193 3997 εἰ

147 4013 178 4076 δέ
197 4038 240 4087 τις
262 4013 284 4098 τὲ
305 4017 351 4078 τὸν
371 4011 452 4093 ὕμνον
471 4013 668 4099 Ἀθηνογένους
692 4010 774 4097 ἔγνω,
796 4011 824 4076 ὃν
846 4013 937 4102 ὥσπερ
954 4040 982 4078 τι
1005 4017 1192 4103 ἀλεξητήριον,

145 4102 205 4173 τοῖς
221 4103 334 4162 συνέσιν
348 4102 424 4184 αὐτῷ
439 4099 651 4177 καταλέλοιπεν,
668 4103 755 4185 ὀρμῶν
770 4099 815 4176 ἤδη
833 4101 906 4184 πρὸς
921 4105 968 4178 τὴν
983 4104 1027 4164 διοὶ
1041 4103 1130 4186 πυρὸς
1144 4130 1193 4167 τε·

147 4183 271 4264 Murra,
289 4184 343 4250 otte
365 4186 387 4271 οὲ
408 4188 457 4265 τὴν
478 4192 531 4254 τῶν
550 4185 700 4273 μαρτύρων
724 4184 835 4274 γνώμην
860 4183 929 4261 ὅπως
953 4185 1031 4275 εἶχον
1055 4189 1124 4278 περὶ
1145 4197 1213 4257 τοῦι
