2678 4756
276 276 515 350 nuuomr.
536 277 590 343 ru
610 276 644 342 s.
668 272 888 339 esurum.
909 273 1054 343 usar.
1126 291 1187 360 271

188 453 385 530 Sed-tamen,
398 436 564 535 utcunque¹
577 446 798 534 intelligantur
811 447 907 512 verba
920 446 1052 548 Epilogi
1067 445 1192 512 Rufini·

144 540 200 605 ani
219 540 260 603 ad
285 536 444 624 Pamphili
458 533 706 622 Apologetieum,
722 545 849 599 constat
862 557 902 598 ex
915 535 978 598 illrs
994 548 1091 599 etiarn
1106 533 1190 596 Hie·

144 625 274 713 ronymi
291 624 383 702 loeis,
397 644 481 709 quos
496 643 573 686 mox
588 620 798 695 adducemus,
812 619 930 685 debere
945 620 1093 706 restringi
1107 619 1192 682 hanc

145 732 316 777 censuram
336 708 377 773 ad
392 721 496 771 certas
513 721 619 807 partes
638 707 919 792 interpretationis,
934 729 1008 793 quae
1024 705 1065 770 de
1080 724 1193 791 perso—

146 799 197 862 nis
212 809 316 882 agunt
330 796 365 858 S.
377 793 552 857 Trinitatis.
599 791 690 856 Idem
707 813 839 878 quoque
853 791 995 855 ostendit
1010 792 1102 856 locus
1118 789 1193 855 Ori·

146 883 240 969 genis
256 904 275 944 a
290 881 405 945 Rufino
421 901 528 943 versus
544 890 641 964 atque
657 878 698 941 ab
716 880 921 965 Hieronymo
936 876 1052 941 allatus
1066 878 1098 941 in
1111 874 1194 961 Epi-

147 967 231 1032 stolo
247 987 303 1030 stra
317 966 360 1029 ad
376 964 610 1029 Pammacliam
629 965 774 1028 adsersus
792 984 910 1028 errores
923 961 1054 1026 Jaaunis
1071 961 1194 1025 Hieros.

147 1053 190 1118 ad
212 1074 289 1138 pag.
308 1066 375 1128 174.
398 1051 455 1137 qui
479 1049 609 1136 quidem
633 1050 737 1126 locus,
757 1049 791 1113 ni
812 1048 919 1124 fallor,
939 1061 1100 1135 quotquot
1120 1048 1196 1111 sun't

148 1138 302 1225 Origenis
323 1137 420 1200 effata
445 1135 486 1200 de
512 1137 745 1199 resurrectione
770 1135 914 1219 corporis
938 1133 1023 1219 apud
1053 1133 1196 1197 Rufinia-

149 1246 226 1289 nam
251 1221 412 1306 Pamphili
433 1223 609 1285 versionem
632 1221 785 1300 extantia,
806 1221 848 1283 ab
871 1220 1104 1282 immutationis
1127 1239 1198 1281 sus·

148 1309 279 1397 picione
316 1328 425 1372 rorsus
439 1306 600 1371 liberabit.
634 1307 714 1369 Tam
731 1319 853 1392 aperte,
870 1305 1033 1392 nudoque,
1047 1303 1198 1381 utaiunt,
1302 1378 1307 1383 ,

149 1395 259 1480 capite
315 1393 479 1478 rigeniana
504 1392 550 1456 ibi
574 1391 755 1456 declaratur
779 1391 946 1467 sententia,
971 1391 1132 1477 plerisque
1159 1389 1201 1453 li·

150 1496 205 1545 cet
222 1479 413 1543 bominibus
438 1476 552 1542 odiosa
573 1493 606 1541 at
630 1499 671 1541 ue
694 1477 804 1542 invisa.
850 1478 959 1540 Immo
981 1475 1200 1540 eruditissimo

150 1564 252 1632 Bullo
270 1585 460 1650 persuasum
482 1579 543 1642 est,
560 1501 711 1627 Ruinam
731 1563 857 1628 nullum
879 1562 1031 1648 Origenis
1050 1561 1199 1626 testimo·

152 1652 245 1716 nium
275 1651 307 1714 in
333 1671 392 1714 sua
416 1649 560 1713 versione
585 1648 625 1713 de
650 1649 808 1712 Trinitate
835 1648 991 1734 posuisse,
1019 1647 1105 1734 quod
1135 1666 1201 1712 non

152 1736 189 1801 in
220 1736 297 1800 Parn
322 1734 380 1799 hili
407 1755 506 1821 opere
533 1733 670 1799 totidem
697 1734 800 1798 verbis
830 1734 1013 1811 haberetur,
1044 1732 1202 1820 nihilque,

141 1756 321 1923 quiequid
327 1820 510 1900 detraxerit,
522 1819 563 1884 de
575 1843 635 1884 suo
650 1819 822 1884 addidisse.
846 1819 968 1883 Censet
982 1819 1068 1883 enirn
1083 1819 1130 1883 vir
1143 1840 1204 1904 op·

154 1922 269 1985 tanus,
282 1913 307 1945 “
318 1906 467 1992 quadam
483 1905 629 1971 attulisse
644 1921 792 1970 auctores
806 1906 885 1969 istos
900 1927 938 1968 ex
954 1905 1098 1990 Origene
1112 1904 1203 1969 testi·
1255 1974 1258 1979 ,

154 2000 179 2033 “
193 1991 317 2070 monia,
356 1991 451 2056 uibus
465 1992 589 2056 voculae
606 2004 639 2055 et
654 1991 740 2054 dicta
756 1990 912 2054 nonnulla
926 1990 1069 2054 admixta
1085 2004 1204 2070 essent,

154 2085 181 2119 “
195 2100 270 2166 quae
280 2077 350 2145 Cat
373 2077 465 2142 olicis
488 2078 620 2142 auribus
642 2077 835 2164 Hieronymi
853 2089 949 2141 aetate
969 2076 1075 2140 minus
1089 2075 1203 2161 placu-

156 2172 181 2205 “
194 2163 292 2240 erint,
306 2176 423 2249 utpote
444 2163 486 2227 ab
509 2163 636 2227 Arianis
658 2177 729 2226 tum
752 2161 792 2226 ad
816 2161 951 2226 haeresin
974 2183 1065 2225 suam
1088 2182 1207 2247 propa·
1278 2243 1281 2249 .

155 2249 336 2337 “gandam
353 2250 547 2334 -usurpata.''
575 2248 651 2313 Vid.
668 2248 797 2334 Defeus.
817 2248 885 2312 Fid.
901 2247 1046 2312 Mcaenae
1063 2261 1142 2312 sect.
1159 2247 1204 2312 II.

155 2335 290 2435 capiar.
305 2337 398 2418 ΜΟ.
415 2355 447 2420 p.
464 2347 531 2399 114.
569 2335 693 2398 Vereor
714 2348 837 2410 autern,
850 2347 888 2398 ut
904 2333 982 2396 nihil
998 2348 1153 2419 praeterea
1167 2355 1207 2398 ex

157 2420 360 2505 Hieronymi
374 2420 466 2497 locis,
480 2420 536 2506 qui
551 2434 742 2508 sequuntur,
758 2419 913 2505 colligere
930 2441 1058 2484 necesse
1072 2420 1124 2484 sit.
1154 2419 1207 2485 Sic

156 2506 248 2571 enim
271 2506 326 2569 ille
347 2505 459 2569 scribit
479 2506 511 2568 in
527 2506 636 2569 Prima
650 2502 745 2590 Apol.
766 2505 912 2570 adversus
925 2504 1206 2592 Restm-Paucis·

160 2614 224 2679 qne
239 2590 422 2655 testimoniis
436 2590 474 2654 de
488 2590 569 2654 Filio
584 2590 647 2655 Dei
662 2602 692 2655 et
709 2590 832 2676 Spiritu
854 2591 965 2655 Sancto
987 2592 1208 2672 commutatis,

160 2698 240 2777 prece
259 2676 373 2740 soielas
395 2674 593 2759 displicitura
615 2676 774 2755 Romanis,
797 2687 911 2741 scetere
932 2700 1030 2764 usque
1052 2677 1209 2764 adfinem

159 2772 289 2849 integra
309 2758 458 2825 dimisisti
479 2785 511 2848 p.
522 2777 592 2826 201.
609 2762 661 2826 ed.
679 2764 704 2825 F
704 2763 816 2827 roben.
831 2796 834 2801 >
861 2764 985 2827 lterum
1000 2764 1033 2827 in
1047 2762 1104 2827 lib.
1117 2764 1152 2827 ii.
1166 2762 1209 2828 ad

159 2868 241 2997 Εἰς.
253 2861 324 2911 221.
343 2847 494 2932 Quamvis
508 2848 545 2912 de
560 2846 690 2911 Eusedii
706 2847 785 2911 lilro
799 2847 900 2912 multa
915 2848 1116 2929 subtraxerit,
1132 2860 1161 2913 et
1176 2849 1210 2914 io

211 2954 284 2996 nam
305 2944 430 3017 partem
447 2933 485 2996 de
500 2932 583 2997 Filio
596 2944 627 2996 et
644 2933 765 3018 Spiritu
781 2943 886 2997 sancto
902 2933 989 2998 nisus
1002 2935 1045 2997 sit
1058 2956 1209 3011 commu·
1257 2942 1261 2951 ’

160 3028 365 3096 tare,-tameu
380 3016 482 3082 multa
496 3018 530 3082 in
545 3017 599 3083 illa
615 3019 765 3082 scandala
781 3020 841 3082 &a
887 3021 938 3083 lta
951 3033 1065 3104 postea
1079 3019 1120 3084 ad
1134 3042 1175 3106 pa
1201 3068 1210 3084 .

161 3102 380 3190 asoa-qui
393 3125 485 3178 unas,
502 3104 584 3188 (scil.
601 3104 724 3191 primus
738 3104 831 3186 liber)
846 3103 900 3167 sul
916 3104 1039 3168 nomine
1052 3041 1212 3190 Pampluii

161 3210 187 3252 a
207 3198 239 3251 te
257 3188 437 3267 editusest,
455 3200 522 3253 tam
539 3191 651 3254 Graece
674 3212 768 3277 quam
789 3190 915 3266 Latine,
935 3189 1114 3254 immutatis
1134 3190 1213 3255 dun·

164 3283 261 3355 taxat
275 3273 411 3338 sensiles
424 3273 464 3337 de
476 3274 558 3339 Filio
573 3287 604 3339 et
621 3275 742 3360 Spiritu
759 3275 883 3351 Sancto,
899 3274 954 3361 qui
968 3286 1110 3359 apertam
1129 3276 1213 3340 blas·

159 3358 323 3444 plterniam
333 3359 560 3444 praeferebant.
604 3362 689 3425 Turn
705 3384 780 3425 vero
796 3362 828 3424 in
843 3360 900 3424 lib.
914 3360 957 3425 iii.
974 3362 1015 3425 ad
1031 3383 1065 3447 p.
1075 3376 1145 3427 238.
1159 3384 1214 3427 ea-

111 3470 119 3477 ·
164 3443 244 3509 dem
270 3443 338 3508 fere
365 3443 487 3529 legenti
514 3462 709 3523 occurrunt3
742 3446 786 3510 Et
814 3447 847 3509 in
863 3446 1071 3527 -Caesariensi,
1098 3449 1214 3535 inquit,

166 3527 353 3593 bibliothece
367 3529 497 3594 Euselii
512 3553 566 3595 sea
580 3530 738 3596 uolumina
752 3532 853 3616 reperi
866 3533 1022 3618 ἀπολογίας
1043 3535 1108 3621 ὑπὲρ
1129 3537 1213 3623 Ὠρι-

164 3613 275 3702 γένους.
309 3615 391 3702 Qaae
406 3638 477 3679 eum
492 3616 645 3703 legissem,
657 3617 795 3702 primum
808 3640 877 3681 eum
892 3616 1005 3682 lilium
1018 3619 1215 3704 deprehendi,

166 3722 261 3791 quem
277 3711 312 3764 ta
325 3700 409 3764 solus
423 3701 477 3764 sul
492 3703 615 3766 nomine
628 3703 780 3789 martyris
798 3703 935 3781 edidisti,
950 3705 988 3768 de
1002 3704 1082 3769 Filio
1097 3717 1127 3770 et
1143 3707 1216 3792 Spi-

166 3785 237 3851 rita
252 3784 365 3849 Sancto
387 3786 419 3850 in
442 3787 562 3851 bonam
585 3803 708 3874 partem
728 3789 889 3875 plerisque
902 3790 1110 3876 blasphemiis
1124 3814 1217 3857 coms

166 3871 307 3937 mutatis
325 3871 386 3936 dac.
430 3871 581 3960 Denique
603 3874 635 3938 in
657 3874 864 3960 sequentibus
884 3875 987 3939 multa
1002 3877 1169 3941 mutavisse
1182 3878 1216 3942 in

168 3956 235 4023 isto
246 3970 347 4042 opere
364 3957 498 4029 Rufinus
520 3959 562 4022 ab
586 3960 788 4047 Hieronymo
803 3962 962 4045 arguitur.
1009 3964 1091 4026 Haec
1106 3977 1216 4028 autem

168 4062 237 4107 non
249 4042 551 4108 asela-auctoritate
560 4045 595 4108 S.
608 4045 813 4133 Hieronymi,
822 4069 896 4132 quae
909 4059 1016 4111 tamen
1027 4069 1146 4133 magna
1156 4060 1218 4128 est,

168 4128 312 4227 pendent
321 4152 331 4206 3
354 4128 474 4193 etenim
488 4129 583 4194 nobis
599 4131 696 4195 hodie
712 4132 783 4196 loca
798 4131 955 4214 nonnulla
968 4133 1141 4219 Apologiae
1158 4133 1219 4198 hu-

164 4235 223 4301 jus
236 4213 355 4280 Graece
368 4213 477 4282 adhuc
490 4216 635 4291 extantia
648 4238 725 4283 cum
740 4218 1005 4304 interpretatione
1019 4219 1126 4285 Rufini
1139 4240 1218 4285 con-
