2678 4756
250 284 302 349 nr
324 283 357 346 s.
381 278 920 348 coanmusaseusum.
1061 300 1102 369 31

65 452 192 519 honore
215 459 312 539 atque
331 450 436 538 gradu
456 464 579 516 servato
599 463 747 537 receptus
760 455 829 516 est.
852 449 1104 535 ‘Hoc'exemplo

67 552 103 603 et
116 538 245 603 Nicaeni
259 551 365 623 patres
382 539 465 601 Can.
481 550 511 600 8.
534 536 734 615 Narrationis,
750 549 783 599 et
796 534 870 599 Afri
884 536 918 601 in
933 534 1105 600 collatione

69 622 319 708 Carthaginensi
339 620 520 686 Donatistis
540 619 583 684 ad
606 621 772 685 ecclesiam
795 619 1003 685 redeuntibus
1028 642 1105 684 suos

68 707 208 772 bonores
227 721 465 772 concesseruut.
489 705 713 770 Cons‘rsur.
757 707 834 794 Qua
854 706 975 769 ratione
994 704 1105 768 Maxi-

68 799 144 856 mus
160 792 195 855 in
214 792 376 876 integrum
393 791 490 854 fuerit
505 790 681 870 restitutus,
697 790 781 854 infra
801 789 842 854 ad
865 789 1044 875 Epistulam
1058 789 1105 854 lii.

68 877 207 941 dumus.
244 877 334 960 (Ssil.
355 875 397 940 a'd
417 875 523 953 rerba,
546 874 729 939 Eraristum
750 876 787 940 do
806 875 943 974 episcopo
971 876 1029 938 'om
1050 896 1106 938 mc

69 959 186 1025 Meum
199 961 390 1038 remansisse,
403 959 473 1024 haec
489 958 693 1042 adnotantur)
710 959 868 1046 Rigaltrus
883 961 940 1038 ait,
983 959 1105 1108 pippppo

68 1044 165 1111 semel
177 1044 216 1109 ab
230 1045 408 1131 episcopatu
422 1044 569 1128 deposito,
584 1044 726 1130 quamvis
736 1045 913 1130 poenitmti,
925 1068 985 1108 non
999 1067 1017 1107 r
1091 1079 1107 1093 -

69 1129 164 1195 datar
186 1129 270 1194 noas
288 1152 387 1216 neqroe
407 1128 546 1216 dignitas
566 1128 707 1213 episcopi.
742 1128 934 1193 Paenitentia
954 1127 1107 1210 compieta

68 1214 256 1280 reddebatur
268 1215 297 1279 ei
311 1214 481 1279 communio
497 1213 687 1290 Christiana,
701 1215 755 1278 sed
775 1213 867 1292 loica,
882 1214 929 1277 ita
948 1222 983 1276 ut
1009 1213 1108 1278 laima

70 1299 104 1364 in
118 1299 246 1364 molesia
262 1311 410 1364 mammet.
443 1299 490 1364 Ac
505 1298 672 1362 Eaaristus
691 1298 729 1362 de
747 1298 921 1382 episcopata
940 1297 1107 1381 depositos,

69 1383 108 1448 in*
118 1383 245 1449 ecclesia
259 1407 319 1448 non
334 1384 493 1448 remansit.
537 1382 728 1447 Notandum
744 1384 912 1447 ecclesiam
934 1383 1108 1468 aliquando

70 1469 111 1533 de
126 1469 214 1534 clero
228 1468 450 1533 schismaticos
464 1469 496 1531 in
512 1468 674 1552 integrum
690 1468 875 1532 restituisse.
919 1468 972 1531 Sic
993 1469 1107 1532 Nova·

68 1553 174 1618 tianos
196 1556 402 1618 restituerunt
423 1553 549 1617 Nicaeni
571 1554 690 1616 Patres.
736 1554 833 1617 Porro
850 1553 937 1638 ipsos
953 1552 1107 1617 Arriauos

69 1659 89 1703 a
112 1638 260 1703 Patribus
280 1637 503 1701 Alexandrinis
525 1637 618 1700 salvis
642 1637 817 1701 honoribus
842 1649 987 1723 receptos
1009 1638 1109 1701 fuisse

69 1744 121 1786 res
136 1723 212 1786 satis
228 1735 304 1787 uota
318 1735 379 1787 est.
418 1721 518 1786 Haud
533 1722 633 1806 igitur
645 1722 761 1786 mirum
778 1723 804 1786 si
818 1724 983 1787 Maximus
997 1721 1036 1786 ad
1051 1744 1110 1786 ec-.

57 1807 203 1873 ‚alesiam
217 1807 327 1884 redux,
343 1806 441 1870 locam
456 1828 545 1870 suram
560 1827 721 1892 agnoscere
732 1805 843 1892 jussus
857 1809 915 1885 sit3
931 1808 1108 1892 praesertim

68 1913 148 1956 eum
168 1891 335 1956 verisimile
349 1891 447 1956 fuerit
463 1892 570 1977 ipsum
584 1905 618 1955 et
635 1891 739 1955 socios
754 1891 824 1978 ejus
839 1892 883 1956 ob
899 1891 1110 1956 confessionis

68 1975 240 2055 honorem,
264 1975 409 2040 ecclesias
435 1975 588 2053 censuris,
613 1986 712 2062 atque
741 1977 953 2040 anathematis
980 1976 1109 2041 fulmini

69 2060 216 2125 noudum
229 2058 513 2146 fuisse'subjectos.
528 2061 640 2124 Fam..
671 2061 760 2123 Infra
773 2061 814 2124 ad
830 2060 993 2124 Concrs.
1009 2061 1111 2125 Cra*

70 2164 194 2210 ruso.
206 2146 271 2208 Ill.
282 2144 374 2231 plura
385 2144 584 2209 notabuntur
598 2145 658 2208 sub
674 2143 744 2208 init.
759 2143 800 2208 de
814 2146 900 2209 clero
915 2144 1097 2230 poenitenti.

115 2230 151 2292 P.
163 2242 195 2293 8.
208 2228 274 2293 l.3.
294 2228 475 2293 remisimus
493 2228 568 2293 Deo
584 2229 811 2314 omnipotenti]
829 2231 863 2294 Si
879 2230 949 2316 quis
964 2228 1004 2293 ad
1018 2251 1111 2293 com·

69 2313 322 2379 manicationem
344 2313 547 2400 reciperetur,
568 2327 735 2378 externum
756 2314 821 2379 hoo
842 2330 925 2379 esset
945 2313 1037 2400 privil
1081 2315 1111 2381 '·.

69 2420 139 2463 um.
166 2398 415 2483 'Colligendum
434 2409 542 2463 autern
562 2397 697 2476 videtur,
720 2399 853 2464 sensisse
875 2335 1110 2477 veteresriihil

69 2483 136 2548 alio
156 2482 257 2548 modo
278 2483 340 2547 sibi
358 2483 406 2547 're'i
426 2481 525 2567 fuisse
542 2504 617 2546 cum
629 2481 708 2567 foro
726 2483 857 2562 interno,
878 2485 938 2549 nisi
960 2498 996 2549 ut
1017 2496 1109 2570 pete-

69 2580 143 2633 rent
164 2589 186 2632 s
206 2568 281 2632 Deo
302 2567 514 2653 delinquentis
539 2566 788 2632 absolutionem.
824 2570 1031 2634 Marsuas.
1052 2569 1111 2656 qni
1189 2630 1193 2637 .

69 2652 197 2737 relegat
208 2652 363 2716 lectorem
378 2653 420 2716 ad
436 2665 527 2716 notas
541 2672 613 2716 suas
629 2653 661 2714 in
679 2652 833 2739 Cypriani
848 2653 877 2718 Ο
902 2652 1023 2717 oscula.
1056 2663 1060 2671 ’

115 2736 201 2801 Ibid.
216 2736 240 2800 l'.
251 2742 282 2800 6.
305 2735 346 2799 ad
359 2750 403 2815 te,
415 2759 473 2822 per
485 2735 616 2821 scripta]
631 2737 684 2801 Sic
698 2738 773 2802 edit.
786 2675 979 2802 Benedictio.
994 2738 1109 2824 Vulgo

70 2821 165 2887 abest
182 2836 251 2905 per.
282 2820 495 2886 Constantius
514 2822 584 2886 haec
606 2834 707 2900 notat,
722 2829 744 2861 ‘⁶
759 2824 796 2887 ln
812 2823 887 2887 MS.
907 2823 1007 2888 Corb.
1021 2823 1064 2887 ad
1078 2834 1110 2887 te

70 2912 164 2990 “per
178 2906 305 2990 scripto.
343 2907 381 2969 lu
401 2906 499 2969 Colb.
514 2906 557 2971 od
573 2916 602 2970 te
616 2905 738 2970 litteras
754 2908 943 2992 perscriptos
952 2933 965 2986 ,⁰
982 2930 1059 2973 mox
1075 2906 1109 2970 in

69 2997 93 3031 ‘⁸
110 3003 261 3090 utroque,
277 2988 316 3055 ut
329 2991 363 3054 in
378 3013 443 3055 uuo
456 2991 587 3075 Anglic.
606 2991 1036 3077 desideraturfhstiuontem:
1052 2993 1109 3057 sed

69 3081 97 3115 “
112 3083 296 3161 proxrmnm
311 3076 444 3140 verbum
458 3075 635 3140 descendere
655 3075 742 3140 istud
762 3078 939 3141 necessario
953 3079 1107 3162 postulat.

70 3166 96 3199 ‘⁴
112 3159 294 3224 Festinabat
312 3181 422 3245 porro,
442 3162 518 3245 quia
538 3183 575 3222 su
599 3160 708 3224 erioris
730 3161 875 3247 epistolae
898 3184 974 3225 cura
997 3164 1027 3226 ei
1050 3162 1108 3226 de·

72 3249 97 3285 “
113 3244 343 3329 mandatajnm
358 3245 495 3308 fuerat.''
532 3182 638 3308 Feilus
653 3259 762 3309 autem
778 3245 860 3308 hano
875 3245 993 3310 adtulit
1007 3247 1107 3309 varie·

71 3336 185 3406 tatem,
203 3335 225 3368 “
237 3329 360 3392 Eadem
381 3329 461 3393 hora
484 3329 662 3414 eodemque
687 3341 853 3392 momento
875 3329 917 3393 ad
937 3342 970 3393 te
991 3330 1109 3416 scripta

71 3419 95 3455 “
110 3412 355 3492 transmisimus,
381 3427 415 3477 et
441 3413 663 3499 Nicephorum
691 3413 890 3489 acoluthum,
916 3411 1109 3480 descendere

70 3497 283 3581 “navigandi
303 3498 526 3576 destinatione,
546 3498 587 3560 ad
610 3520 664 3562 vos
687 3498 795 3562 statim
816 3498 1007 3564 dimisimus.
1039 3501 1107 3565 Ver.

70 3589 95 3622 “
111 3581 304 3646 descendere
323 3582 367 3646 ad
390 3582 605 3666 navigandum
626 3583 838 3647 destinatione
860 3584 899 3647 sd
921 3606 976 3647 vos
1000 3587 1107 3649 statim

71 3673 94 3706 “
111 3665 247 3742 dimissi,
264 3666 375 3730 00th

115 3749 200 3814 Ibid.
213 3750 235 3813 l.
248 3763 278 3824 7.
300 3751 525 3836 destinantem]
543 3752 768 3816 Revocavirnus
782 3751 953 3818 lectionem
967 3766 1109 3818 veterum

71 3833 268 3912 editionum,
283 3857 355 3921 quae
371 3836 441 3899 sola
454 3837 538 3899 bo'na
556 3852 616 3915 est,
630 3858 725 3922 quam
748 3852 901 3922 praterea
921 3840 1109 3903 confirmant
1209 3892 1212 3897 .

71 3918 200 4004 aliquot
213 3928 319 3983 vetera
332 3920 533 4003 exemplaria.
566 3922 688 3985 Primus
703 3923 854 3987 Erasmus
870 3934 940 3987 eam
955 3924 1110 4008 tantisper

72 4003 212 4067 mutavit
221 4002 432 4089 festinantem
451 4026 571 4089 ponens
589 4027 649 4089 pro
663 4005 876 4069 destinantem.
922 4008 986 4071 Sed
1001 4019 1109 4071 tamen

72 4089 227 4163 &asinus
243 4107 306 4152 uon
321 4086 446 4154 videtur
461 4090 571 4153 fecisse
583 4090 705 4173 absque
719 4091 919 4156 auctoritate.
961 4089 1048 4159 Nam
1064 4093 1109 4159 ita

72 4193 139 4258 ego
153 4173 257 4239 inveni
272 4173 426 4260 scriptum
443 4174 571 4239 iu‘libro
587 4173 783 4253 Corbeieusi,
797 4198 861 4241 uon
876 4177 1033 4256 eomodo
1044 4198 1112 4260 qno.
