2678 4756
153 323 157 332 .
195 268 263 355 μοι
298 324 304 335 .
536 264 900 336 ammisitottas
984 318 987 323 .

197 437 303 517 τάξεως
318 441 402 518 adri,
415 439 476 503 ἀντὶ
491 444 540 518 sti,
556 438 726 520 ὕνιὲίιλλιτσς
740 446 787 519 τῆς
803 441 954 530 leporiana.
977 443 1156 529 καθαιριῖται
1170 443 1239 530 γάρ.

198 526 247 589 tab
261 525 288 589 di
301 524 439 610 πομνεάση
448 525 470 604 ,ἢ
485 528 634 614 μοιχιάση,
645 527 756 602 τελείοις
769 532 912 609 ἒξοιθιῐτας
926 533 975 605 τῆς
987 529 1153 609 ἔκκλησήοις,
1168 531 1196 641 οὲ
1206 533 1240 605 εἰς
1284 526 1287 531 ’

200 608 391 694 μιτιινοέντονν
407 590 509 696 άγεταη
526 613 617 691 τόσον,
630 610 683 684 sicr
699 613 894 700 σμοσιιλαήειν,
908 613 955 696 καὶ
968 616 1128 701 daupeinim,
1143 643 1192 696 ιςοη
1202 621 1240 679 τοὶ

199 699 286 760 λοιποὶ
308 700 489 785 ἀναπληροῦν.
527 700 625 763 Hunc
641 721 716 762 vero
730 702 940 801 posteriorem
955 699 999 764 ad
1016 701 1132 765 laicam
1147 723 1239 766 eom·

200 781 390 850 munionem
417 783 545 848 admitti
568 807 589 848 a
610 786 644 848 S.
665 785 785 850 Basrlio
805 809 839 850 tn
861 787 995 850 Canone
1011 806 1145 852 xxxii.
1168 801 1201 852 et
1222 809 1240 853 a

200 867 464 954 Carthaginiensi
487 870 620 958 Synodo
642 870 675 934 in
700 871 835 937 Canone
857 892 985 936 xxvtt.
1011 871 1105 937 addit
1131 874 1239 938 Zona·

200 975 262 1019 aas.
300 954 424 1020 Similia
440 957 537 1020 babet
552 957 713 1022 Balsamo.
756 958 899 1022 Aristeni
918 957 989 1023 hoec
1007 972 1109 1037 sunt3
1129 959 1169 1022 ‘0
1187 985 1239 1045 γν·

200 1043 286 1107 raian
306 1038 399 1104 naida
417 1041 615 1128 οτμεσὸάτεμος,
633 1048 680 1119 τῆς
701 1043 751 1125 μὶν
772 1045 912 1129 ἱερωσύνης
932 1047 1122 1124 μιῖακινιῖσαι·
1145 1050 1194 1121 τῆς
1214 1047 1238 1108 δὲ

147 1178 166 1195 -,
200 1131 283 1208 mit
304 1125 351 1205 κιιή
370 1133 418 1204 τῆς
440 1128 577 1213 καθέδρας
597 1128 722 1216 μετέχοι.
753 1135 766 1192 ὁ
790 1131 817 1192 di
842 1128 1009 1216 πομνεάσας,
1030 1128 1047 1208 ή
1071 1131 1237 1217 μοιχεύσας,

199 1211 302 1277 rixosi
316 1216 469 1292 ἐξωθεῖται,
483 1213 530 1295 κα)
551 1218 586 1288 εἰς
603 1214 749 1297 μετάνοιαν
764 1214 875 1299 άγετοις.
920 1215 1141 1281 Diaconorum
1158 1239 1238 1303 quo·

200 1319 265 1385 que
283 1298 351 1384 jam
374 1300 597 1365 ordinatorum
620 1302 758 1385 nuptias,
779 1300 839 1365 nisi
860 1323 898 1364 ea
919 1299 959 1364 de
981 1323 1016 1366 re
1033 1300 1237 1366 diaconatum

201 1384 380 1470 suscepturi
401 1388 568 1464 cavissent,
590 1385 782 1450 damnabant
804 1392 827 1449 οῖ
848 1386 999 1472 σύγχρονοι
1019 1387 1188 1475 Ancyrani
1209 1390 1238 1452 in

203 1469 337 1534 Canone
351 1471 394 1534 X.
438 1471 522 1536 Tum
538 1471 692 1558 quicquid
710 1472 831 1537 interea
845 1473 885 1536 de
900 1471 1024 1558 origine
1039 1487 1138 1559 atque
1155 1474 1237 1538 utili·

201 1569 270 1621 tate
289 1554 459 1621 coelibatus
480 1558 636 1622 clericalis
658 1572 835 1636 censeatur,
851 1579 947 1644 quem
967 1558 1111 1644 quidem,
1130 1574 1238 1625 auctor

201 1655 251 1707 est
267 1641 401 1718 Platina,
417 1642 553 1707 liberum
569 1667 588 1707 a
603 1643 730 1728 legibus
745 1665 814 1708 esse
829 1644 946 1708 debere
957 1643 1131 1730 judicabat
1145 1646 1237 1709 etiam

203 1726 346 1813 pontifex
368 1727 532 1793 Romanus
555 1731 628 1793 Pius
650 1731 693 1793 ll.
714 1730 875 1794 constabit
895 1729 970 1808 boc,
987 1729 1019 1792 ni
1035 1730 1143 1810 fallor,
1158 1744 1236 1795 vete-

202 1833 273 1881 rum
290 1813 410 1899 scripta
423 1815 452 1878 le
497 1814 623 1893 ntibus3
645 1815 789 1901 quamvis
810 1815 948 1901 plurima
967 1828 1079 1880 extent
1096 1817 1238 1903 exempla

197 1920 266 1965 non
288 1912 413 1963 tantum
436 1837 571 1965 aiibrum
592 1901 807 1980 sacerdotum,
822 1923 930 1966 verum
951 1901 1052 1965 etiam
1072 1901 1236 1988 episcopo·

202 2006 288 2064 mm,
306 2007 381 2048 cum
401 1987 542 2074 conjuge
563 2003 595 2051 at
621 2010 660 2051 ue
678 1987 785 2051 liberis
809 1986 1124 2073 vitam-degentium,
1138 1988 1236 2052 nullos

202 2081 310 2137 tamen
325 2074 582 2151 commemorari,
598 2011 786 2137 durantibus
802 2074 913 2158 primis
931 2073 1000 2137 istis
1020 2073 1168 2137 ecclesia
1183 2096 1236 2138 sae·

201 2156 295 2236 culis,
308 2157 354 2220 vel
370 2159 479 2244 episco
523 2183 550 2238 s,
560 2161 609 2224 vel
624 2159 839 2246 presbyteros,
850 2175 906 2223 aut
919 2158 1061 2246 denique
1076 2152 1235 2239 diaconos,

202 2241 264 2307 nisi
280 2243 407 2308 diaconi
425 2245 465 2307 de
506 2267 543 2309 ac
564 2255 596 2309 r'e
618 2245 705 2331 prius
724 2246 890 2324 cavissent,
905 2245 960 2332 qui
976 2257 1053 2332 post
1067 2245 1235 2310 ordinatio·

201 2351 275 2392 nem
291 2352 406 2394 uxores
421 2330 482 2394 sibi
495 2330 729 2418 conjunxerint.

600 2583 766 2647 CANON
799 2584 843 2646 Il.

248 2750 281 2813 Ρ.
294 2764 363 2824 457.
380 2750 401 2814 l.
418 2761 464 2813 14.
488 2748 574 2834 μέχρι
597 2749 733 2833 θανάτου]
755 2750 908 2835 Sequitur
925 2747 1014 2814 istud
1029 2749 1062 2814 in
1077 2751 1236 2836 Beveregii

203 2837 366 2922 Synodion,
381 2840 418 2916 μὴ
435 2838 584 2914 πειθομένη
600 2835 684 2897 λάσαι
699 2839 745 2898 τὸν
760 2837 866 2919 γάμον,
883 2835 971 2921 quod
993 2858 1069 2900 cutn
1096 2837 1236 2921 ignorent

203 2946 315 2987 omnes
335 2921 482 2984 editiones
502 2918 625 2983 Graecae
646 2932 740 3006 uttpue
761 2922 900 3000 Latinae,
917 2922 949 2984 iu
973 2944 1039 2985 uno
1061 2923 1164 2986 codice
1177 2938 1235 2986 205.

203 3008 380 3072 Bodleiano
400 3008 575 3082 inventum,
592 3007 647 3069 sed
670 3007 903 3092 refragantibus
922 3018 1039 3090 septem
1060 3008 1135 3071 aliis
1158 3029 1237 3071 cuno-

203 3117 278 3157 νιονιι
300 3091 526 3177 exetnplorilus
554 3092 690 3176 scriptis,
715 3116 752 3155 ne
779 3094 882 3157 dicam
904 3092 1056 3156 Jonnnetn
1077 3092 1237 3157 Antioche·

202 3203 278 3244 num
294 3180 438 3255 MSturn,
454 3178 537 3240 idem
554 3179 628 3241 ideo
647 3200 685 3240 ex
703 3178 811 3263 glossa
828 3193 954 3242 tanturn
970 3178 1098 3242 videtur
1118 3180 1235 3265 profec-

203 3280 287 3343 tum,
308 3265 364 3328 sed
387 3278 493 3326 tamen
516 3285 672 3326 canonem
695 3288 765 3326 vere
787 3287 958 3349 exponens.
1004 3265 1043 3327 Id
1066 3288 1144 3328 vero
1166 3264 1236 3328 exti-

203 3352 280 3415 tisse
295 3351 430 3413 dixerim
449 3349 544 3412 etiam
565 3350 597 3411 in
619 3348 768 3412 codicibus
788 3351 924 3413 Zonarae
946 3372 982 3412 ac
1005 3351 1174 3428 BlastariS‚
1189 3349 1236 3435 qui

203 3437 235 3501 in
261 3435 486 3499 commentariis
511 3435 574 3498 suis
599 3436 691 3498 verba
716 3434 848 3499 addunt.
897 3436 980 3498 Mox
1005 3440 1045 3520 τῷ
1071 3436 1236 3521 praefigunt

203 3521 317 3606 θανάτῳ
332 3522 405 3584 libri
421 3542 494 3584 eum
511 3520 618 3604 scripti
634 3536 702 3583 tum
718 3520 795 3582 edili
808 3542 919 3583 omnes
934 3520 1078 3606 exceptis
1095 3520 1235 3585 Concilio·

204 3630 275 3675 ιιιιιι
290 3607 496 3684 editionibus
512 3629 590 3692 quas
606 3606 658 3668 hic
674 3605 896 3691 relinquendas
912 3606 999 3670 duxi.
1097 3658 1101 3663 .
1191 3659 1194 3663 ,

250 3695 284 3755 Ρ.
296 3705 366 3754 458.
383 3693 404 3754 l.
416 3707 444 3755 3.
467 3699 482 3766 ἡ
498 3692 642 3773 μετάνοια]
656 3693 790 3755 Zonarae
804 3690 1070 3755 Commentarius:
1094 3694 1165 3756 Ἐὰν
1177 3694 1236 3776 γονή

205 3783 281 3842 κατὰ
296 3778 389 3861 γάμον
403 3777 445 3839 δύο
461 3781 585 3856 ἀδελφοῖς
599 3778 754 3863 συνοικήσῃ,
768 3777 912 3853 {fabricio
927 3783 974 3853 τῆς
990 3778 1146 3856 ἐκκλησίας
1158 3779 1237 3862 μέχρι

204 3864 327 3927 θανάτου
349 3866 386 3942 μή
408 3862 558 3945 πειθομένη
581 3869 665 3924 λῦσαι
687 3864 733 3925 τὸν
754 3863 856 3946 γάμον·
885 3867 906 3924 si
925 3864 951 3924 δὲ
970 3863 1135 3940 θνήσκοοσα
1154 3869 1237 3947 ἐσαγ-

204 3949 353 4035 γέλλητοη,
369 3947 408 4010 ὅτι
425 3946 566 4032 ὑγιάνασα
581 3949 658 4010 λάσει
670 3946 717 4009 τᾶν
733 3948 837 4033 γάμον,
852 3949 976 4026 τεύξεται
990 3954 1038 4025 τῆς
1052 3950 1141 4034 οἱγήας
1155 3975 1238 4032 μετα·

204 4038 313 4112 λήψεως
327 4035 401 4111 τότε,
418 4034 463 4111 καὶ
477 4038 688 4119 &supinitatem
707 4033 757 4111 ἕξει
777 4035 934 4116 μετάνοιαν,
953 4036 1013 4098 ἀντὶ
1035 4043 1085 4098 τοῦ
1106 4036 1238 4121 ὃεχθήσε·

203 4148 251 4184 σαι
267 4125 301 4195 εἰς
315 4119 473 4202 μετάνοιαν,
489 4124 534 4180 ἐὰν
551 4122 577 4181 δὲ
592 4122 622 4180 τὸ
636 4119 664 4180 ἓν
678 4125 730 4181 τῶν
746 4121 903 4204 προσώπων
916 4119 1008 4184 vivas
1023 4125 1049 4183 ἐν
1065 4127 1106 4205 τῷ
1121 4120 1239 4203 ἀθεμίτῳ

203 4207 291 4293 γάμῳ
312 4207 474 4292 τελευτήσῃ,
495 4208 609 4291 ὃνχερής
635 4211 649 4281 ή
672 4205 805 4286 μετάνοια
829 4212 869 4292 τῷ
894 4205 1119 4294 οισεςιλειφθέντιο
1148 4211 1240 4292 byrig
