2678 4756
468 624 1073 725 suuornrronss

325 860 387 942 IN
415 863 454 943 S.
479 784 638 943 PETRI
667 862 824 943 ALEX.
857 780 1224 943 FRAGMENTA.

637 1126 905 1169 ...αφ-..-
1011 1176 1015 1181 Ι

297 1325 331 1388 Ρ.
344 1339 413 1388 331.
428 1324 491 1388 11.
521 1323 745 1411 Μ111111111]
773 1324 858 1390 Cum
881 1323 1053 1410 incepisset
1074 1322 1286 1401 Diocletiana,

253 1435 325 1497 quae
340 1423 481 1486 vocatur,
493 1411 672 1495 persecutio
687 1433 771 1476 anno
786 1409 910 1476 Christi
923 1425 993 1490 303,
1009 1410 1162 1496 contigit,
1180 1423 1216 1474 ut
1231 1407 1286 1472 hl·

251 1522 294 1583 sp
315 1495 366 1559 ἔτει
387 1501 435 1558 τοῦ
457 1499 590 1580 διωγμοῦ,
614 1497 792 1562 secundum
820 1497 1007 1575 Eusebium,
1031 1519 1089 1560 seu
1111 1496 1286 1582 penultimo

255 1604 339 1646 anno
362 1581 444 1669 ejus,
469 1583 525 1669 qui
549 1581 669 1647 Christi
692 1597 972 1662 111111111311,
995 1584 1028 1647 S.
1049 1584 1178 1662 Petrus,
1200 1579 1286 1667 cujus

256 1669 413 1754 opuscula
428 1668 497 1732 haec
513 1682 600 1745 sunt,
616 1669 818 1734 Alexandriae
832 1691 944 1756 passus
960 1669 1010 1733 sit.
1056 1670 1105 1732 Ita
1122 1681 1212 1732 certe
1227 1668 1285 1731 Va·

254 1752 362 1833 lesius,
381 1753 848 1835 0111111,Τ111111101111111,1111,
871 1755 928 1820 sed
942 1753 1125 1841 nuperrime
1144 1753 1185 1818 cl.
1204 1753 1288 1838 Aug.

255 1840 336 1904 Ant.
352 1841 440 1904 Geor
467 1841 514 1904 ius
536 1840 568 1904 in
594 1842 718 1906 Praelat.
733 1841 773 1906 ad
793 1842 916 1928 Opusc.
931 1840 982 1905 De
996 1839 1167 1904 Miroeulis
1182 1839 1217 1903 S.
1237 1839 1286 1902 Co·

255 1925 338 1990 torti
351 1926 411 1990 810.
455 1950 539 1991 omae
555 1949 639 1990 anno
658 1940 745 2006 1793.
760 1926 895 2008 editum,
911 1928 999 2014 adp.
1016 1939 1186 1995 183-183.
1199 1947 1288 2012 argu·

254 2012 371 2076 mentis
392 2012 479 2077 haud
496 2014 740 2079 contemnendis
758 2036 835 2079 usus
855 2028 903 2078 est
918 2014 958 2078 ad
980 2012 1200 2099 probandum,
1216 2033 1287 2076 con·

255 2096 331 2164 ferri
351 2111 499 2183 oportere
516 2100 549 2162 S.
564 2098 647 2164 Petri
663 2101 852 2186 martyrium
868 2101 900 2165 in
914 2122 1032 2164 annum
1047 2113 1119 2176 312,
1135 2113 1173 2162 ut
1194 2101 1289 2163 Euse-

255 2183 369 2249 bienus
384 2184 475 2249 locus
489 2184 632 2249 de'nono
647 2186 876 2271 persecutionis
890 2209 973 2250 anno
987 2184 1055 2271 jam
1072 2185 1228 2249 absoluto
1241 2206 1289 2248 ex·

254 2283 405 2358 ponatur,
435 2270 527 2358 quasi
554 2271 731 2359 generalem
760 2282 884 2337 tanturn
913 2270 1093 2336 locutionem
1121 2269 1289 2335 historicus

256 2356 360 2421 obiter
374 2356 583 2422 adhibuisset.
630 2360 805 2445 Utcunque
827 2381 877 2422 res
899 2357 998 2422 habet
1009 2382 1019 2437 ;
1042 2356 1217 2442 “Scripsit
1240 2358 1289 2420 Pe·

255 2449 278 2482 “
293 2443 394 2521 trus‚”
416 2458 453 2508 ut
474 2445 520 2507 ait
544 2443 661 2508 Cavius
680 2443 765 2509 Hist.
783 2444 851 2509 th.
869 2444 985 2509 tomi.
1007 2465 1040 2529 p.
1059 2449 1124 2507 160.
1141 2451 1163 2481 “
1181 2455 1290 2529 quarto

256 2528 523 2614 “persecutionis
548 2530 779 2594 Diocletianeae
803 2552 898 2609 anno,
921 2529 1043 2595 Christi
1062 2535 1133 2592 306.
1162 2528 1291 2615 (inspice

255 2621 278 2654 “
294 2614 417 2679 Canon.
429 2617 469 2697 Ι.)
482 2638 594 2679 eorum
605 2639 700 2680 011111
711 2617 765 2702 qui
776 2617 807 2680 in
818 2616 971 2702 praedicta
980 2616 1210 2701 persecutione
1221 2614 1292 2700 lapsi

256 2707 277 2740 ‘⁶
293 2713 410 2780 essent,
427 2702 558 2765 Librum
577 2703 627 2766 De
643 2702 847 2780 Prenr'tentia,
864 2725 902 2766 ex
924 2726 988 2788 quo
1009 2713 1185 2787 supersunt
1202 2701 1292 2766 hodie

256 2792 278 2826 “
295 2809 432 2850 canones
456 2803 502 2863 15,
525 2788 614 2852 111111
638 2789 862 2874 poenitentium
885 2789 1010 2852 casibus
1035 2788 1292 2866 accommodeti3

255 2879 277 2912 “
294 2873 348 2959 qni
370 2873 528 2936 habentur
544 2875 601 2938 Gr.
619 2876 692 2937 Lat.
709 2875 835 2939 Concil.
857 2890 937 2938 tom.
951 2875 972 2937 i.
995 2896 1069 2937 cum
1090 2873 1294 2939 Balsamonis

255 2965 277 2997 “
293 2981 366 3021 vero
388 2973 420 3022 et
442 2961 577 3023 Zonarae
600 2960 750 3040 scholiis,
766 2960 921 3048 Synodici
943 2983 1000 3024 seu
1016 2960 1170 3024 Pandect.
1192 2960 1294 3026 Cano·

255 3052 276 3083 ‘⁶
294 3067 370 3109 num
386 3060 466 3109 tom.
478 3045 533 3109 ii.”
573 3048 654 3109 Haec
672 3046 806 3126 Cavius3
822 3047 877 3111 sed
892 3069 931 3110 ex
947 3047 1047 3111 MSto
1062 3046 1173 3131 Regio
1190 3047 1297 3111 docuit

254 3129 408 3194 lectorem
435 3131 624 3196 Harduinus
650 3132 681 3196 in
711 3132 787 3197 edit.
811 3155 868 3197 sua
893 3131 1110 3210 Consiliorum,
1137 3154 1297 3198 canonem

254 3216 419 3295 ultimum,
436 3238 492 3280 seu
507 3218 667 3281 decimum
685 3232 808 3283 sextum
827 3241 865 3282 ex
883 3220 1037 3282 Sermone
1051 3217 1202 3303 quodam
1218 3217 1298 3284 Petri

255 3303 307 3370 De
323 3303 445 3366 Pascha
458 3303 555 3366 fuisse
570 3318 746 3389 sumptum.
791 3304 877 3368 Cum
894 3305 956 3368 hoc
972 3305 1083 3382 MSto,
1099 3304 1211 3370 immo
1227 3327 1299 3370 cum

255 3389 344 3452 edito
367 3388 491 3452 Parisiis
508 3411 591 3455 anuo
615 3397 703 3454 1621.
726 3390 896 3455 Canonum
916 3404 1013 3476 atque
1035 3390 1179 3454 Zonarae
1199 3405 1299 3469 textu,

256 3474 378 3538 faciunt
398 3473 452 3538 alii
472 3497 585 3538 novem
603 3477 693 3540 MSti
712 3476 745 3539 in
763 3475 960 3540 bibliotheca
975 3474 1157 3540 Bodleiana
1175 3477 1300 3556 servati,

256 3582 394 3646 quorum
409 3581 472 3645 ope
488 3583 562 3647 ego,
575 3584 650 3625 cum
666 3584 704 3625 ex
720 3561 850 3626 diversis
865 3584 977 3627 omnes
991 3561 1131 3647 profecti
1149 3563 1219 3628 siut
1234 3565 1301 3630 fon·

256 3646 355 3725 tibus,
379 3645 412 3708 in
436 3648 610 3711 canonibus
633 3648 683 3711 his
703 3648 835 3713 edendis
856 3671 932 3712 usus
956 3670 1039 3711 sum.
1079 3647 1188 3714 Cons.
1217 3651 1301 3716 enim

253 3732 411 3796 Annotat.
428 3732 468 3795 ad
482 3733 552 3798 init.
569 3735 603 3797 S.
621 3735 813 3799 Droursn
837 3734 956 3798 Auux.
971 3732 1132 3816 Epistoloe
1149 3735 1195 3798 ad
1211 3735 1301 3804 Busi-

255 3817 359 3896 lldern‚
374 3817 436 3882 vol.
451 3818 484 3881 ii.
501 3840 576 3904 pag.
582 3832 658 3913 ι111.
702 3819 835 3905 Adjecit
857 3841 988 3907 quoque
1007 3842 1073 3897 suae
1089 3819 1302 3888 Bibliotheca

254 3905 388 3969 Petrum
404 3902 464 3968 hos
481 3903 630 3968 Canones
646 3905 835 3970 Gallandius
851 3927 1002 3970 unacum
1017 3905 1158 3969 Zonaroe
1173 3918 1207 3971 et
1224 3906 1300 3973 Bel·

255 3989 389 4054 samonis
404 3987 547 4069 Scholir's,
562 4012 682 4076 eosque
704 4013 737 4055 se
758 3991 932 4056 contulisse
952 3991 997 4056 ait
1016 4014 1081 4054 non
1096 3992 1214 4056 solum
1231 4015 1299 4060 cum

256 4076 397 4140 editione
416 4075 470 4139 illo
493 4075 660 4140 Perisiensi
683 4077 853 4143 Frontonis
874 4076 1002 4157 Ducaei,
1019 4076 1075 4141 sed
1098 4078 1207 4143 etiam
1232 4101 1299 4147 cum

255 4162 355 4227 MSto
373 4161 498 4243 codice,
516 4162 605 4249 quod
624 4162 757 4250 quidem
778 4164 813 4229 in
834 4163 937 4230 tribus
957 4163 1148 4251 penultimis
1170 4165 1298 4234 canoni·
