2678 4756
282 597 327 695 S.
363 586 708 696 VICTORINI
743 596 1100 710 MARTYRIS,

190 913 192 920 Ι
279 861 280 864 =
395 820 756 887 PETAVIONENSIS
779 821 997 903 EPISCOPI‚

183 994 252 1067 om
268 1001 477 1058 vesonum
495 1003 547 1056 no
564 1001 690 1057 mrsu
707 1002 860 1059 sancum
877 1002 1016 1058 annno
1033 971 1205 1092 stonum,

558 1406 829 1453 ...Φ-...-

143 1631 161 1680 5
184 1608 337 1659 tN011’1T
358 1609 576 1667 TRACTATUS
599 1611 800 1662 VICTORINI
823 1613 874 1662 DE
897 1611 1060 1662 FABltch
1085 1609 1199 1662 COELI.

172 1731 446 1844 COGITANTI
471 1778 562 1859 mihi,
589 1780 662 1863 (for.
688 1791 719 1843 et
743 1730 893 1864 addendi)
918 1801 1083 1845 unacum
1108 1777 1219 1843 animo

171 1908 248 1951 meo
263 1887 452 1968 conferenti,
466 1888 508 1953 de
521 1888 643 1954 fabrica
661 1888 774 1954 mundi
792 1889 897 1969 istius,
911 1890 944 1954 in
962 1910 1028 1977 quo
1048 1888 1150 1953 clausi
1164 1899 1216 1952 te-

154 2016 299 2077 ·nemur,
321 1997 420 2063 etiam
442 1998 594 2064 velocitas
616 1998 747 2064 fabricae
769 1997 861 2064 istius
882 1998 953 2062 haec
977 2010 1048 2077 est3
1076 1995 1161 2062 sicut
1185 1995 1220 2060 in

171 2082 266 2172 libro
293 2106 425 2194 Moysis
458 2108 653 2188 continetur,
685 2128 783 2196 quem
820 2107 861 2172 de
896 2106 1082 2172 conditione
1118 2106 1220 2193 ipsius
1274 2156 1275 2160 ,

127 2215 312 2303 mocripsit,
338 2216 396 2304 qui
419 2218 555 2284 Genesis
582 2218 773 2304 appellatur.
815 2217 934 2282 Totam
962 2216 1084 2282 molem
1112 2216 1221 2295 istam,

172 2323 265 2391 Deus
286 2346 341 2389 sex
357 2325 470 2390 diebus
492 2325 526 2390 in
544 2339 733 2392 ornamento
751 2326 824 2410 (for.
841 2327 1082 2409 ornamentum)
1100 2323 1220 2412 majes-

172 2433 249 2498 tatis
265 2457 333 2498 suae
349 2435 516 2521 expressit,
531 2434 671 2521 septimo
686 2435 803 2526 quibus
822 2435 895 2519 (for.
908 2435 1049 2521 quietus)
1065 2432 1224 2498 benedic*
1248 2440 1249 2443 ’

172 2541 264 2608 tione
350 2544 424 2627 (for.
440 2543 611 2630 supplend.
627 2544 698 2626 sua)
715 2544 934 2610 consecravit,
968 2543 1095 2608 Idcirco
1108 2544 1219 2630 igitur,

157 2652 328 2738 quoniam
352 2653 534 2741 septenario
554 2675 688 2718 numero
709 2653 835 2719 dierum
851 2667 884 2717 et
897 2652 1042 2717 coelestia
1054 2665 1088 2718 et
1101 2665 1219 2718 terres-

128 2800 164 2852 15
174 2760 237 2826 tria
250 2776 420 2848 reguntur,
432 2762 580 2848 principii
594 2762 681 2840 loco,
692 2761 734 2827 de
748 2762 810 2827 hac
830 2763 1001 2848 septimam
1016 2761 1058 2826 ad
1072 2762 1219 2827 omnium

155 2878 157 2883 '
174 2864 439 2958 septimanarium
455 2872 624 2959 regionum
642 2872 717 2957 (for.
734 2871 913 2959 septimana
927 2873 968 2937 ad
983 2871 1129 2936 omnium
1145 2893 1219 2958 sep·

172 2981 368 3045 timanarum
392 2981 562 3059 rationem,
589 2979 775 3063 Wzlkerus.)
803 2980 953 3057 metibor,
977 2992 1011 3045 et
1035 2993 1133 3066 prout
1157 3001 1219 3066 po·

173 3101 281 3170 tuero,
297 3089 423 3155 virtutis
437 3089 523 3153 diem
537 3089 570 3153 in
584 3110 655 3153 eam
675 3090 748 3175 (for.
760 3088 887 3172 divinae)
905 3087 1220 3154 consummationem

173 3197 318 3267 conabor
333 3199 521 3284 exprimere.
864 3279 865 3282 Ἴ

129 3347 168 3399 ,0
218 3308 259 3371 In
273 3307 431 3394 principio
447 3307 524 3372 fecit
546 3307 638 3372 Deus
655 3307 774 3388 lucem,
789 3329 927 3395 eamque
944 3306 1141 3373 duodenario
1160 3329 1221 3373 nu·

174 3437 268 3480 mero
284 3415 451 3496 horarum,
471 3415 523 3480 die
544 3427 722 3504 noctuque,
738 3415 855 3498 divisit,
870 3417 991 3483 idcirco
1010 3415 1221 3496 videlicet,·ut

172 3524 341 3591 laboribus
356 3524 528 3591 hominum
540 3525 666 3612 requies
682 3524 755 3608 (for.
765 3525 928 3612 requietis,
943 3523 1093 3609 Wziker.)
1109 3525 1221 3592 locum
1313 3570 1315 3575 -

155 3649 307 3703 noctem
330 3637 398 3703 dies
418 3638 660 3725 superduceret,
675 3661 785 3704 rursus
803 3640 872 3705 dies
889 3641 1140 3727 supervinceret3
1160 3641 1223 3708 hac

174 3767 210 3810 se
234 3746 311 3839 (for.
334 3768 373 3811 ac
395 3748 452 3827 sic,
474 3746 624 3832 Walter.)
651 3748 774 3812 alterna
796 3749 864 3814 vice
887 3750 982 3816 labor
1003 3749 1120 3838 quietis
1146 3749 1221 3835 (for.

132 3894 164 3955 2⁵
173 3854 285 3942 quiete
314 3856 431 3935 noctis,
461 3856 611 3939 erker.)
645 3857 850 3938 refoveretur,
877 3857 968 3945 quies
994 3847 1223 3924 exercitatione

174 3986 288 4031 rursus
302 3965 368 4034 diei
380 3978 624 4056 temperaretur.
661 3978 677 4012 ²
689 3965 810 4053 Quarto
824 3966 963 4056 diafecit
977 3968 1037 4035 duo
1053 3963 1223 4032 luminaria

592 4141 605 4165 ·
621 4131 683 4197 pen.
693 4131 710 4178 ἰ.
721 4139 761 4191 1⁶,
773 4138 812 4186 17.
