2678 4756
241 310 294 377 IN
315 305 612 376 THEOGNOSTI
636 304 936 374 FRAGMENTA.
978 298 983 313 '
1050 325 1112 395 229

62 479 209 559 dixisset,
224 491 339 567 postea
352 479 572 566 ἀπολογούμενος
592 500 655 544 non
678 479 783 543 solum
805 500 869 542 non
890 479 1042 565 negabat,
1057 480 1112 546 Fi-

62 567 145 632 lium
171 565 300 648 ὁμοίοιοι
324 572 365 652 τῷ
389 568 473 652 πατρὶ
497 587 577 643 esse,
602 585 712 628 verum
737 565 836 628 etiarn
862 564 1001 644 dicebat,
1023 564 1111 651 haud

63 652 193 717 differre
207 652 248 716 ab
259 652 321 717 hae
336 653 467 716 notione
481 663 683 736 argumenta,
696 673 768 737 quae
783 651 851 736 ipse
866 651 897 714 in
913 651 1026 716 eadem
1040 652 1111 737 epi·

64 737 151 803 stola
163 739 336 818 attulerat3
352 743 408 812 τοῖς
423 739 449 799 δὲ
463 738 507 801 δύο
518 739 660 822 ῥηματίοις
674 736 833 809 &wrthen
847 737 905 820 (ait
920 738 966 802 vir
980 749 1110 801 sanctus

64 822 107 888 de
122 823 225 887 verbis
240 823 302 888 sibi
317 822 467 910 objectis)
493 821 622 909 καθάπερ
645 820 733 896 λίθοις
752 820 892 907 μακρόθεν
915 821 1111 910 ἔπιχείμιοσοισι

64 935 101 990 με
124 908 254 987 βάλλειν,
278 915 426 1018 ἇγιοῦιτες
446 912 485 982 ὡς’
501 915 556 970 τῶν
577 907 754 992 ἁγιοομέιοιι
779 910 827 971 καί
851 914 1049 995 προσαγωγῆς
1074 913 1111 983 είς

65 993 214 1078 ἐπίοιοισιι
227 996 357 1077 desperas
371 999 402 1058 οὐ
415 995 495 1077 μόνον
508 997 613 1057 ἀλλοῖα
630 993 781 1071 πόλλαιιις,
795 997 874 1056 ἀλλὰ
897 992 944 1074 καί
964 993 1112 1058 ὑπεναντία

64 1081 213 1163 τεκμήρια,
227 1080 336 1164 γίιιοτας
347 1089 401 1144 τῶν
417 1077 616 1162 irrigas-epirus
635 1078 800 1161 δηλώματα.
842 1079 949 1164 Epist.
963 1077 1112 1166 Dionysii

63 1167 213 1251 Ἐλογχοῢ
227 1166 249 1252 ’h
262 1165 436 1251 Ἀπολογίας
449 1165 536 1250 apud
550 1163 707 1228 Athenas.
723 1163 801 1228 ibid.
817 1186 907 1229 nurn.
925 1179 971 1229 18.
990 1187 1023 1251 p.
1038 1179 1110 1231 25⁵.

64 1249 115 1314 vel
132 1271 232 1335 supra
244 1249 285 1314 ad
303 1273 404 1350 pagg.
423 1257 489 1327 196.
506 1263 538 1314 et
556 1261 623 1327 197.
640 1247 738 1337 hujus
753 1250 816 1313 vol.
853 1250 1044 1316 Notandum
1060 1250 1110 1314 iu·

64 1357 174 1421 super,
190 1335 224 1399 id
240 1337 329 1423 quod
344 1339 424 1401 ahos
437 1336 508 1422 jam
529 1335 693 1399 monuisse
706 1335 795 1400 haud
809 1333 937 1416 dubito,
953 1336 1111 1422 nobisque

64 1420 236 1485 verisimile
263 1443 334 1485 esse
358 1422 529 1486 confirmat
553 1419 732 1507 Dionysius
758 1421 923 1485 Romanus
948 1444 1044 1507 supra
1069 1420 1112 1487 ad

63 1526 141 1653 pag.
157 1519 225 1570 181.
242 1506 309 1571 fieri
329 1529 434 1615 posse,
449 1520 486 1571 ut
505 1506 595 1570 locus
616 1505 751 1570 celebris
772 1506 887 1591 capitis
902 1507 965 1570 viii.
981 1511 1111 1571 Prover-

83 1591 196 1668 iorum,
212 1592 312 1676 Κύριος
327 1618 419 1656 οκτισε
433 1619 469 1674 με
483 1595 576 1680 ἀρχὴν
591 1595 655 1656 ὁδῶν
669 1595 753 1657 αὐτοῦ
767 1597 803 1666 εἰς
818 1591 889 1679 ἔργα
902 1597 986 1672 adri,
1000 1593 1041 1658 ad
1058 1593 1111 1658 Fi·

63 1675 145 1740 lium
170 1678 236 1741 Dei
260 1678 508 1764 significandum
531 1699 550 1741 a
571 1678 731 1742 veteribus
753 1699 841 1762 saepe
863 1678 1021 1756 detortus,
1040 1693 1109 1743 tuni

62 1783 139 1825 vero
155 1762 209 1825 illa
222 1764 459 1847 apostolorum,
474 1761 645 1849 πρωτότοκος
657 1764 750 1841 πάσης
764 1764 880 1837 κτίσεως
893 1777 929 1828 et
943 1771 957 1842 ἣ
972 1767 1048 1864 ἆμχὴ
1061 1771 1111 1844 τῆς

62 1846 182 1921 κτίσεως
194 1855 243 1910 τοῦ
258 1853 335 1927 Θεὲ,
350 1848 391 1913 de
408 1849 540 1914 Christo
552 1862 716 1934 usurpata,
729 1849 815 1912 vocis
831 1849 940 1932 κτίσμα
955 1849 1110 1914 aliarumae

61 1954 128 2018 que
143 1933 194 1996 vix
209 1934 414 1999 ferendarum
428 1956 523 2000 usum
539 1933 636 1997 etiarn
650 1933 738 2021 apud
753 1945 839 2007 recte
861 1934 1036 2002 sentientes
1052 1958 1111 2022 pa·

61 2031 188 2082 retent·
328 2068 331 2072 .

105 2103 293 2188 Stephanus
322 2104 453 2191 quidem
485 2105 634 2169 Gobarus
662 2102 748 2189 apud
777 2103 930 2170 Photium
959 2104 1112 2171 Βίίιίὶοίίι.

62 2186 151 2266 Cod.
170 2203 509 2275 ccaxxx11.p.9os.
532 2191 587 2276 qui
609 2189 784 2254 contrarias
806 2205 840 2253 et
861 2191 922 2254 sibi
945 2192 1112 2277 oppositas

59 2272 259 2338 diversorum
285 2289 454 2339 auctorum
477 2276 650 2340 sententias
673 2275 706 2339 in
726 2296 823 2360 opere
833 2297 896 2339 suo
908 2297 949 2339 ex
964 2277 1112 2362 professo

60 2359 251 2444 eollegerat,
279 2361 311 2425 id
335 2360 472 2446 dignum
499 2363 669 2425 observatu
697 2374 837 2447 putarat,
862 2363 904 2425 ab
931 2361 1113 2429 Athanasio

58 2442 214 2510 laudatos
228 2445 327 2510 fuisse
341 2447 517 2532 Origenenr
532 2461 570 2511 et
587 2447 858 2534 Theognostum;
881 2446 966 2511 unde
981 2448 1017 2513 fit
1030 2448 1112 2513 veri·

60 2530 181 2606 simile,
197 2531 285 2596 hunc
301 2532 418 2616 ipsum,
440 2531 527 2596 haud
546 2532 638 2597 aliter
657 2547 756 2618 atque
776 2532 965 2618 Origenem,
984 2533 1027 2598 ab
1043 2534 1113 2599 aliis

57 2614 231 2714 culpatum
255 2616 365 2694 fuisse,
386 2632 420 2681 et
445 2618 591 2681 censoria
615 2618 740 2717 virgula
764 2629 927 2682 notatum.
973 2621 1111 2699 Interea,

59 2714 125 2764 etsi
140 2701 221 2764 illud
236 2723 295 2787 pro
310 2719 399 2767 certo
416 2725 481 2769 non
495 2703 728 2780 affirmaverim,
740 2723 851 2767 vocem
864 2701 994 2786 ὀμοιίσιοι
1006 2705 1046 2769 de
1059 2705 1112 2771 Fi·

58 2785 108 2854 lio
130 2786 196 2850 Dei
217 2787 394 2873 Origenem
417 2810 525 2853 revera
544 2788 739 2864 adhibuisse,
753 2809 829 2852 cum
848 2786 1048 2855 dubiatides
1070 2791 1112 2857 sit

62 2870 174 2935 Rufini
189 2872 371 2958 interpretis
383 2872 552 2960 Apologioe
566 2871 803 2957 Pamphilianae
821 2893 882 3022 Ero
904 2874 1019 2940 eodem
1036 2876 1111 2941 Ori·

57 2976 168 3043 gene3
201 2957 258 3021 sed
285 2959 532 3044 Theognostum
560 2972 720 3037 nostrum,
745 2978 824 3022 voca
850 2958 905 3023 ulo
933 2959 1010 3025 licet
1039 2962 1111 3047 ipso

61 3064 130 3106 uon
149 3064 226 3106 usus
245 3043 288 3107 sit
308 3043 341 3107 in
363 3045 508 3129 pauculis
529 3043 598 3109 istis
620 3043 823 3131 fragmentis,
839 3043 900 3108 vim
917 3058 1025 3110 tamen
1040 3047 1112 3146 ejus

59 3140 163 3213 atque
184 3148 314 3192 sensum
329 3130 363 3192 in
382 3131 454 3215 ῥήσει
471 3151 529 3193 sua
544 3129 721 3214 posteriore
736 3130 939 3214 expressisse,
956 3132 1111 3197 menites„

60 3211 129 3279 tius
144 3224 207 3290 est,
221 3235 318 3299 quarn
335 3226 373 3277 ut
386 3214 528 3279 dubitari
543 3215 657 3299 possit.

106 3298 144 3361 P.
154 3312 225 3365 223.
239 3298 262 3361 Ῑ.
277 3313 327 3364 22.
349 3301 394 3360 nai
409 3309 457 3360 τῶι
470 3309 575 3374 heptade
589 3305 660 3378 μόιοι
677 3299 823 3383 intremit]
842 3299 963 3365 Statuit
977 3301 1111 3388 quidem

60 3381 236 3468 Origenes,
250 3383 338 3469 quod
361 3384 395 3448 in
416 3383 541 3470 scriptis
562 3383 632 3471 ejus
652 3384 766 3449 versati
781 3400 911 3463 norunt,
928 3388 1055 3452 Patrem
1070 3387 1112 3454 ad

59 3488 173 3546 omne,
189 3468 280 3555 quod
294 3470 413 3547 existit,
429 3470 611 3556 pervadere,
628 3469 745 3534 Filium
767 3491 842 3535 vero
864 3470 905 3535 ad
930 3473 1110 3555 rationalia,

57 3551 105 3619 ad
129 3553 219 3617 solos
241 3566 351 3618 autem
372 3570 499 3620 sanctos
522 3556 676 3620 Sanctum
698 3555 865 3653 Spiritum.
910 3559 982 3622 Nec
1002 3572 1111 3627 tamen

60 3636 145 3703 uelle
157 3658 234 3703 eum
249 3660 380 3730 negare,
396 3641 505 3704 omnia
527 3640 568 3704 de
591 3654 669 3705 tota.
681 3639 798 3707 Triade
819 3642 989 3727 predicari
1003 3666 1110 3730 posse,

58 3722 126 3789 etsi
163 3723 291 3790 uaedam
307 3726 388 3790 Filio
402 3725 622 3811 assignaverit,
639 3724 765 3811 aliaque
780 3727 880 3794 tribui
895 3730 936 3792 ab
951 3750 991 3793 eo
1008 3729 1111 3816 Spiri-

60 3808 114 3874 tui
137 3744 174 3873 g.
200 3810 334 3887 soleant,
360 3812 493 3908 egregie
520 3809 688 3874 confirmat
710 3811 804 3875 nobis
829 3813 1111 3897 praestantissimus

61 3892 211 3959 Hostius
223 3895 258 3960 in
274 3895 483 3983 origenianas,
496 3895 554 3962 lib..
567 3895 601 3959 ii.
616 3917 687 3981 cap.
699 3909 729 3961 2.
745 3909 861 3983 quaest.
875 3897 909 3962 ii.
927 3901 980 3982 ξς.
992 3913 1044 3979 27,
1059 3913 1109 3985 aa.

113 3984 189 4055 ‚402
199 3991 250 4056 47.
899 4020 901 4027 ·

61 3996 230 4128 ΡΡΡΔἏ.
244 4065 266 4130 l.
281 4079 329 4142 17.
353 4066 515 4149 οοοοιοοοΐ]
534 4067 678 4150 sarneya?
696 4065 739 4132 ad
760 4087 865 4153 marg.
888 4066 994 4134 Photii
1015 4090 1109 4159 repo·

62 4144 135 4217 suit
148 4146 363 4220 Hoeschelius.
