2678 4756
459 789 845 906 LECTORI.

548 1145 763 1186 ...φ-

135 1368 269 1483 CUM
292 1407 365 1482 vita
384 1409 580 1483 hominum
603 1420 680 1482 tarn
701 1405 837 1482 caduca
859 1417 896 1479 et
916 1376 1035 1479 lirevis
1053 1405 1112 1497 sit,
1130 1401 1177 1480 ut

134 1532 297 1607 humana
313 1532 436 1606 omnia
445 1532 529 1630 jure
547 1533 751 1607 habeantur
767 1531 917 1621 incerta,
934 1531 1004 1603 hoc
1021 1529 1171 1604 tertium
1185 1635 1189 1640 .

132 1657 307 1730 volumen
330 1668 414 1730 ante
442 1668 612 1755 quartum
635 1668 674 1730 et
698 1655 872 1730 ultimum
889 1652 994 1728 edere
1011 1653 1103 1727 mihi
1120 1654 1175 1728 vi·

135 1803 216 1852 sum
234 1791 302 1872 est,
320 1807 367 1854 ne
384 1780 477 1854 forte
493 1781 582 1854 orba
599 1779 749 1854 demum
766 1806 850 1880 pars
865 1779 982 1879 operis
999 1776 1175 1879 prodiret,

135 1927 219 2000 quae
244 1915 394 1978 caeteras
418 1931 439 1978 e
460 1903 649 2004 naufragio
666 1903 752 1995 isto,
774 1916 817 1978 ut
839 1903 891 1977 ita
913 1902 1046 1994 dicam,
1067 1903 1175 1978 tabu·
1262 1909 1267 1917 '

135 2025 201 2117 las,
213 2027 375 2128 exceptis
392 2028 535 2102 Latinis
550 2026 770 2127 quibusdam
785 2027 960 2101 Conciliis
975 2038 1012 2100 et
1025 2026 1175 2101 Tracta-

137 2153 246 2246 tibus,
264 2182 330 2229 suo
348 2157 491 2230 ambitu
507 2157 723 2232 contineret¹
764 2155 909 2230 Interea
926 2154 965 2228 in
982 2154 1053 2228 hoc
1070 2165 1174 2228 tomo

135 2280 312 2352 nonnulla
337 2279 456 2379 posita
482 2293 568 2355 sunt
592 2272 791 2381 Opuscul'a,
813 2280 859 2354 de
883 2279 1029 2377 quibus,
1052 2277 1174 2378 prius·

135 2418 245 2499 quam
264 2391 443 2503 legantur,
458 2405 580 2479 cautio
597 2404 767 2503 quaedam
786 2415 849 2478 aut
866 2402 1021 2477 monitio
1037 2414 1093 2475 est
1110 2401 1175 2476 ad-

134 2524 307 2601 hibenda.
347 2527 432 2609 Quo
449 2528 595 2603 nomine
613 2554 898 2603 commemorare
915 2526 1087 2601 convenit
1103 2525 1174 2600 tria

131 2660 317 2748 postrema
340 2650 512 2725 Africana
536 2652 716 2744 Concilio,
740 2652 877 2752 quippe
900 2676 983 2761 quae
1012 2649 1176 2725 stabilito
1205 2688 1207 2692 ·

133 2798 247 2866 more,
265 2786 362 2848 certe
388 2776 486 2876 apud
508 2776 617 2851 Afros
644 2776 743 2850 haud
768 2777 820 2853 ita
841 2786 998 2867 vetusto,
1016 2773 1175 2884 rebapti-

52 2891 55 2894 ’
135 2896 320 2971 zationem
338 2899 504 2973 omnium
528 2900 786 2975 haeretioorum
802 2911 841 2973 et
857 2899 1173 2977 schismaticorum

134 3033 347 3095 sanxerunt.
396 3023 448 3096 At
471 3023 571 3097 enim
595 3023 667 3097 illis
691 3023 780 3124 ipsis
802 3023 1041 3126 temporibus,
1060 3024 1173 3100 etiam
1213 3075 1215 3079 v

20 3240 23 3244 A
132 3156 218 3217 ante
234 3146 444 3243 plenarium
465 3147 511 3219 ab
533 3147 742 3246 Augustino
767 3159 1095 3222 commemoratum
1120 3161 1175 3220 toa

132 3266 210 3340 tius
225 3269 319 3342 orbis
337 3271 535 3363 concilium,
553 3272 721 3345 Romana
744 3273 897 3370 oliaeque
921 3272 1091 3372 plurimae
1114 3265 1172 3346 ec·

132 3391 255 3466 clesiae
288 3394 511 3493 baptismum
543 3394 693 3468 nomine
720 3393 860 3468 Divino
885 3395 986 3496 prius
1014 3395 1173 3470 celebra-

134 3524 215 3588 tum
240 3516 383 3605 iterare,
403 3516 516 3590 veteri
542 3543 607 3591 suo
633 3544 734 3591 more
758 3530 909 3610 servato,
933 3519 1174 3619 refugiebant.

131 3635 186 3710 Et
201 3664 288 3711 vero
303 3639 365 3711 issa
387 3640 540 3740 plenarii
564 3641 709 3714 concilii
734 3644 1080 3717 commemoratione
1102 3646 1173 3718 hoc

134 3759 264 3832 saltem
292 3760 488 3860 significari
511 3763 667 3855 videtur,
691 3764 872 3840 sancitum
897 3767 1009 3840 fuisse
1035 3767 1174 3864 aliquid

133 3883 347 3958 admissioni
374 3887 631 3962 hoereticorum
659 3890 920 3965 nonnullorum
946 3891 1068 3964 fovens
1096 3891 1175 3964 sine

132 4032 228 4080 novo
245 4010 429 4111 baptismo
452 4013 493 4086 in
513 4029 590 4086 uno
612 4038 658 4085 ex
679 4025 836 4110 quotuor
851 4015 980 4116 primis
998 4014 1175 4089 Conciliis

27 4210 31 4218 ,
133 4129 405 4227 OEcumeniois‚
435 4162 519 4236 quae
546 4136 730 4237 praecipue
757 4150 884 4240 utpote
914 4141 952 4214 S..
977 4139 1176 4240 Scripturae

630 4275 692 4334 a2
