<?xml version="1.0" encoding="UTF-8"?>
<!DOCTYPE html PUBLIC "-//W3C//DTD XHTML 1.0 Transitional//EN"
    "http://www.w3.org/TR/xhtml1/DTD/xhtml1-transitional.dtd">
<html xmlns="http://www.w3.org/1999/xhtml" xml:lang="en" lang="en">
 <head>
  <title>
</title>
<meta http-equiv="Content-Type" content="text/html;charset=utf-8" />
  <meta name='ocr-system' content='tesseract 3.04.00' />
  <meta name='ocr-capabilities' content='ocr_page ocr_carea ocr_par ocr_line ocrx_word'/>
</head>
<body>
  <div class='ocr_page' id='page_1' title='image "./reliquiaesacrae11routgoog_0135.png"; bbox 0 0 2678 4756; ppageno 0'>
   <div class='ocr_carea' id='block_1_1' title="bbox 213 586 1134 923">
    <p class='ocr_par' dir='ltr' id='par_1_1' title="bbox 213 586 1134 923">
     <span class='ocr_line' id='line_1_1' title="bbox 389 586 963 687; baseline 0.002 -6"><span class='ocrx_word' id='word_1_1' title='bbox 389 586 963 687; x_wconf 81' lang='lat' dir='ltr'>ANNOTATIONES</span> 
     </span>
     <span class='ocr_line' id='line_1_2' title="bbox 213 829 1134 923; baseline -0.002 -10"><span class='ocrx_word' id='word_1_2' title='bbox 213 829 279 914; x_wconf 82' lang='lat' dir='ltr'><strong>IN</strong></span> <span class='ocrx_word' id='word_1_3' title='bbox 304 833 571 916; x_wconf 68' lang='lat' dir='ltr'><strong>CONClLlA</strong></span> <span class='ocrx_word' id='word_1_4' title='bbox 596 831 1134 923; x_wconf 68' lang='lat' dir='ltr'><strong>cantflnslntnnsta„</strong></span> 
     </span>
    </p>
   </div>
   <div class='ocr_carea' id='block_1_2' title="bbox 537 1087 809 1127">
    <p class='ocr_par' dir='ltr' id='par_1_2' title="bbox 537 1087 809 1127">
     <span class='ocr_line' id='line_1_3' title="bbox 537 1087 809 1127; baseline 0 -8"><span class='ocrx_word' id='word_1_5' title='bbox 537 1087 809 1127; x_wconf 53' lang='lat' dir='ltr'><strong>‹uu—u*—</strong></span> 
     </span>
    </p>
   </div>
   <div class='ocr_carea' id='block_1_3' title="bbox 243 1210 1121 1330">
    <p class='ocr_par' dir='ltr' id='par_1_3' title="bbox 243 1210 1121 1330">
     <span class='ocr_line' id='line_1_4' title="bbox 243 1210 1121 1330; baseline -0.007 0"><span class='ocrx_word' id='word_1_6' title='bbox 243 1264 432 1330; x_wconf 73' lang='lat' dir='ltr'><strong>coscn..</strong></span> <span class='ocrx_word' id='word_1_7' title='bbox 450 1265 685 1330; x_wconf 67' lang='lat' dir='ltr'><strong>caninio.</strong></span> <span class='ocrx_word' id='word_1_8' title='bbox 700 1266 788 1329; x_wconf 86' lang='lat' dir='ltr'><strong>sus</strong></span> <span class='ocrx_word' id='word_1_9' title='bbox 803 1260 1040 1328; x_wconf 78' lang='lat' dir='ltr'><strong>crrnrnno</strong></span> <span class='ocrx_word' id='word_1_10' title='bbox 1057 1210 1121 1324; x_wconf 78' lang='lat'><strong>11.</strong></span> 
     </span>
    </p>
   </div>
   <div class='ocr_carea' id='block_1_4' title="bbox 144 1428 1198 4144">
    <p class='ocr_par' dir='ltr' id='par_1_4' title="bbox 144 1428 1198 4144">
     <span class='ocr_line' id='line_1_5' title="bbox 194 1428 1196 1520; baseline -0.006 -22"><span class='ocrx_word' id='word_1_11' title='bbox 194 1435 230 1498; x_wconf 91' lang='lat' dir='ltr'><strong>P.</strong></span> <span class='ocrx_word' id='word_1_12' title='bbox 241 1442 292 1512; x_wconf 82' lang='lat'><strong>69.</strong></span> <span class='ocrx_word' id='word_1_13' title='bbox 307 1436 330 1498; x_wconf 91' lang='lat' dir='ltr'><strong>l.</strong></span> <span class='ocrx_word' id='word_1_14' title='bbox 343 1449 374 1497; x_wconf 81' lang='grc'><strong>4.</strong></span> <span class='ocrx_word' id='word_1_15' title='bbox 398 1435 667 1520; x_wconf 79' lang='lat' dir='ltr'>Carthaginiense</span> <span class='ocrx_word' id='word_1_16' title='bbox 688 1434 871 1498; x_wconf 87' lang='lat' dir='ltr'>Concilium</span> <span class='ocrx_word' id='word_1_17' title='bbox 891 1435 966 1516; x_wconf 66' lang='grc' dir='ltr'><strong>ὅπα]</strong></span> <span class='ocrx_word' id='word_1_18' title='bbox 985 1428 1196 1515; x_wconf 84' lang='lat' dir='ltr'><strong>Carthagini·</strong></span> 
     </span>
     <span class='ocr_line' id='line_1_6' title="bbox 148 1515 1197 1606; baseline -0.006 -23"><span class='ocrx_word' id='word_1_19' title='bbox 148 1540 228 1583; x_wconf 82' lang='lat' dir='ltr'><strong>ense</strong></span> <span class='ocrx_word' id='word_1_20' title='bbox 242 1520 386 1606; x_wconf 87' lang='lat' dir='ltr'><strong>quidem,</strong></span> <span class='ocrx_word' id='word_1_21' title='bbox 402 1520 491 1604; x_wconf 91' lang='lat' dir='ltr'><strong>qnod</strong></span> <span class='ocrx_word' id='word_1_22' title='bbox 514 1523 652 1604; x_wconf 89' lang='lat' dir='ltr'><strong>primum</strong></span> <span class='ocrx_word' id='word_1_23' title='bbox 676 1535 802 1596; x_wconf 71' lang='lat' dir='ltr'><strong>vocant,</strong></span> <span class='ocrx_word' id='word_1_24' title='bbox 819 1520 1003 1583; x_wconf 88' lang='lat' dir='ltr'>Concilium</span> <span class='ocrx_word' id='word_1_25' title='bbox 1023 1517 1086 1581; x_wconf 86' lang='lat' dir='ltr'><strong>snb</strong></span> <span class='ocrx_word' id='word_1_26' title='bbox 1104 1515 1197 1579; x_wconf 90' lang='lat' dir='ltr'><strong>initia</strong></span> 
     </span>
     <span class='ocr_line' id='line_1_7' title="bbox 151 1599 1197 1691; baseline -0.005 -23"><span class='ocrx_word' id='word_1_27' title='bbox 151 1604 251 1691; x_wconf 81' lang='lat' dir='ltr'><strong>hujus</strong></span> <span class='ocrx_word' id='word_1_28' title='bbox 262 1605 383 1680; x_wconf 75' lang='lat' dir='ltr'><strong>saculi,</strong></span> <span class='ocrx_word' id='word_1_29' title='bbox 396 1609 473 1668; x_wconf 85' lang='lat' dir='ltr'><strong>dnm</strong></span> <span class='ocrx_word' id='word_1_30' title='bbox 490 1606 661 1690; x_wconf 82' lang='lat' dir='ltr'><strong>episcopus</strong></span> <span class='ocrx_word' id='word_1_31' title='bbox 677 1605 876 1690; x_wconf 87' lang='lat' dir='ltr'><strong>Carthagine</strong></span> <span class='ocrx_word' id='word_1_32' title='bbox 890 1605 1025 1667; x_wconf 81' lang='lat' dir='ltr'>sedebat</span> <span class='ocrx_word' id='word_1_33' title='bbox 1037 1599 1197 1686; x_wconf 79' lang='lat' dir='ltr'><strong>Agrippi-</strong></span> 
     </span>
     <span class='ocr_line' id='line_1_8' title="bbox 151 1685 1197 1774; baseline -0.007 -19"><span class='ocrx_word' id='word_1_34' title='bbox 151 1712 224 1767; x_wconf 74' lang='lat' dir='ltr'><strong>nas,</strong></span> <span class='ocrx_word' id='word_1_35' title='bbox 247 1691 289 1753; x_wconf 86' lang='lat' dir='ltr'><strong>ab</strong></span> <span class='ocrx_word' id='word_1_36' title='bbox 315 1691 436 1753; x_wconf 81' lang='lat' dir='ltr'><strong>Africae</strong></span> <span class='ocrx_word' id='word_1_37' title='bbox 459 1708 493 1753; x_wconf 90' lang='lat' dir='ltr'><strong>et</strong></span> <span class='ocrx_word' id='word_1_38' title='bbox 518 1691 685 1753; x_wconf 72' lang='lat' dir='ltr'><strong>Numidiae</strong></span> <span class='ocrx_word' id='word_1_39' title='bbox 707 1692 866 1774; x_wconf 87' lang='lat' dir='ltr'><strong>episcopis</strong></span> <span class='ocrx_word' id='word_1_40' title='bbox 891 1690 932 1752; x_wconf 90' lang='lat' dir='ltr'><strong>de</strong></span> <span class='ocrx_word' id='word_1_41' title='bbox 955 1685 1197 1772; x_wconf 78' lang='lat' dir='ltr'><strong>rebaptizandis</strong></span> 
     </span>
     <span class='ocr_line' id='line_1_9' title="bbox 149 1770 1196 1859; baseline -0.008 -19"><span class='ocrx_word' id='word_1_42' title='bbox 149 1773 310 1840; x_wconf 85' lang='lat' dir='ltr'><strong>lraereticis</strong></span> <span class='ocrx_word' id='word_1_43' title='bbox 331 1792 404 1838; x_wconf 90' lang='lat' dir='ltr'><strong>ante</strong></span> <span class='ocrx_word' id='word_1_44' title='bbox 426 1776 529 1838; x_wconf 84' lang='lat' dir='ltr'><strong>fuerat</strong></span> <span class='ocrx_word' id='word_1_45' title='bbox 550 1777 761 1838; x_wconf 85' lang='lat' dir='ltr'><strong>celebratum.</strong></span> <span class='ocrx_word' id='word_1_46' title='bbox 805 1777 859 1838; x_wconf 89' lang='lat' dir='ltr'><strong>De</strong></span> <span class='ocrx_word' id='word_1_47' title='bbox 881 1776 987 1859; x_wconf 88' lang='lat' dir='ltr'><strong>primo</strong></span> <span class='ocrx_word' id='word_1_48' title='bbox 1004 1786 1118 1836; x_wconf 87' lang='lat' dir='ltr'><strong>autem</strong></span> <span class='ocrx_word' id='word_1_49' title='bbox 1135 1770 1196 1834; x_wconf 87' lang='lat' dir='ltr'><strong>sub</strong></span> 
     </span>
     <span class='ocr_line' id='line_1_10' title="bbox 150 1853 1197 1959; baseline -0.006 -35"><span class='ocrx_word' id='word_1_50' title='bbox 150 1858 318 1959; x_wconf 71' lang='lat' dir='ltr'><strong>cypriano</strong></span> <span class='ocrx_word' id='word_1_51' title='bbox 342 1860 493 1923; x_wconf 83' lang='lat' dir='ltr'>Concilio</span> <span class='ocrx_word' id='word_1_52' title='bbox 521 1861 673 1923; x_wconf 81' lang='lat' dir='ltr'><strong>nonnulla</strong></span> <span class='ocrx_word' id='word_1_53' title='bbox 694 1872 782 1922; x_wconf 83' lang='lat' dir='ltr'><strong>extat</strong></span> <span class='ocrx_word' id='word_1_54' title='bbox 803 1862 926 1923; x_wconf 89' lang='lat' dir='ltr'><strong>mentio</strong></span> <span class='ocrx_word' id='word_1_55' title='bbox 948 1881 1027 1921; x_wconf 86' lang='lat' dir='ltr'><strong>mox</strong></span> <span class='ocrx_word' id='word_1_56' title='bbox 1047 1856 1134 1920; x_wconf 81' lang='lat' dir='ltr'><strong>infra</strong></span> <span class='ocrx_word' id='word_1_57' title='bbox 1153 1853 1197 1919; x_wconf 88' lang='lat' dir='ltr'><strong>ad</strong></span> 
     </span>
     <span class='ocr_line' id='line_1_11' title="bbox 149 1940 1196 2032; baseline -0.005 -23"><span class='ocrx_word' id='word_1_58' title='bbox 149 1944 278 2010; x_wconf 79' lang='lat' dir='ltr'><strong>initium</strong></span> <span class='ocrx_word' id='word_1_59' title='bbox 300 1946 463 2032; x_wconf 87' lang='lat' dir='ltr'><strong>sequentis</strong></span> <span class='ocrx_word' id='word_1_60' title='bbox 483 1945 641 2030; x_wconf 80' lang='lat' dir='ltr'><strong>epistolae,</strong></span> <span class='ocrx_word' id='word_1_61' title='bbox 657 1969 730 2030; x_wconf 80' lang='lat' dir='ltr'><strong>quae</strong></span> <span class='ocrx_word' id='word_1_62' title='bbox 753 1946 884 2030; x_wconf 90' lang='lat' dir='ltr'><strong>quidem</strong></span> <span class='ocrx_word' id='word_1_63' title='bbox 906 1943 1043 2029; x_wconf 84' lang='lat' dir='ltr'><strong>epistola</strong></span> <span class='ocrx_word' id='word_1_64' title='bbox 1064 1941 1108 2004; x_wconf 93' lang='lat' dir='ltr'><strong>ad</strong></span> <span class='ocrx_word' id='word_1_65' title='bbox 1131 1940 1196 2004; x_wconf 89' lang='lat' dir='ltr'><strong>hoc</strong></span> 
     </span>
     <span class='ocr_line' id='line_1_12' title="bbox 151 2029 1197 2115; baseline -0.006 -20"><span class='ocrx_word' id='word_1_66' title='bbox 151 2029 350 2108; x_wconf 81' lang='lat' dir='ltr'>Concilium,</span> <span class='ocrx_word' id='word_1_67' title='bbox 375 2030 463 2115; x_wconf 90' lang='lat' dir='ltr'><strong>qnod</strong></span> <span class='ocrx_word' id='word_1_68' title='bbox 488 2031 608 2094; x_wconf 89' lang='lat' dir='ltr'><strong>dicitur</strong></span> <span class='ocrx_word' id='word_1_69' title='bbox 634 2031 832 2107; x_wconf 87' lang='lat' dir='ltr'><strong>Secundum,</strong></span> <span class='ocrx_word' id='word_1_70' title='bbox 858 2031 1007 2114; x_wconf 83' lang='lat' dir='ltr'><strong>pertinet.</strong></span> <span class='ocrx_word' id='word_1_71' title='bbox 1062 2029 1103 2090; x_wconf 89' lang='lat' dir='ltr'><strong>In</strong></span> <span class='ocrx_word' id='word_1_72' title='bbox 1155 2046 1197 2089; x_wconf 83' lang='lat' dir='ltr'><strong>ua</strong></span> 
     </span>
     <span class='ocr_line' id='line_1_13' title="bbox 148 2048 1198 2202; baseline -0.006 -22"><span class='ocrx_word' id='word_1_73' title='bbox 148 2115 284 2202; x_wconf 85' lang='lat' dir='ltr'><strong>Synodo</strong></span> <span class='ocrx_word' id='word_1_74' title='bbox 304 2117 445 2180; x_wconf 84' lang='lat' dir='ltr'><strong>secunda</strong></span> <span class='ocrx_word' id='word_1_75' title='bbox 461 2115 656 2200; x_wconf 79' lang='lat' dir='ltr'><strong>Cyprianica</strong></span> <span class='ocrx_word' id='word_1_76' title='bbox 673 2115 809 2191; x_wconf 87' lang='lat' dir='ltr'><strong>edenda,</strong></span> <span class='ocrx_word' id='word_1_77' title='bbox 824 2131 893 2178; x_wconf 88' lang='lat' dir='ltr'><strong>turn</strong></span> <span class='ocrx_word' id='word_1_78' title='bbox 914 2115 946 2178; x_wconf 91' lang='lat' dir='ltr'><strong>in</strong></span> <span class='ocrx_word' id='word_1_79' title='bbox 961 2114 1107 2198; x_wconf 90' lang='lat' dir='ltr'><strong>quinque</strong></span> <span class='ocrx_word' id='word_1_80' title='bbox 1121 2048 1198 2187; x_wconf 63' lang='lat' dir='ltr'><strong>ilis,</strong></span> 
     </span>
     <span class='ocr_line' id='line_1_14' title="bbox 148 2195 1196 2287; baseline -0.003 -23"><span class='ocrx_word' id='word_1_81' title='bbox 148 2222 222 2287; x_wconf 84' lang='lat' dir='ltr'><strong>quae</strong></span> <span class='ocrx_word' id='word_1_82' title='bbox 237 2216 427 2285; x_wconf 89' lang='lat' dir='ltr'><strong>sequuntur,</strong></span> <span class='ocrx_word' id='word_1_83' title='bbox 440 2200 616 2263; x_wconf 85' lang='lat' dir='ltr'><strong>editionem</strong></span> <span class='ocrx_word' id='word_1_84' title='bbox 639 2215 761 2283; x_wconf 82' lang='lat' dir='ltr'><strong>operum</strong></span> <span class='ocrx_word' id='word_1_85' title='bbox 780 2200 812 2262; x_wconf 90' lang='lat' dir='ltr'><strong>S.</strong></span> <span class='ocrx_word' id='word_1_86' title='bbox 831 2199 986 2286; x_wconf 80' lang='lat' dir='ltr'><strong>Cypriani</strong></span> <span class='ocrx_word' id='word_1_87' title='bbox 1005 2195 1196 2261; x_wconf 87' lang='lat' dir='ltr'><strong>Benedicti·</strong></span> 
     </span>
     <span class='ocr_line' id='line_1_15' title="bbox 148 2283 1197 2363; baseline -0.004 -15"><span class='ocrx_word' id='word_1_88' title='bbox 148 2307 237 2362; x_wconf 85' lang='lat' dir='ltr'><strong>nam,</strong></span> <span class='ocrx_word' id='word_1_89' title='bbox 252 2307 311 2348; x_wconf 83' lang='lat' dir='ltr'><strong>seu</strong></span> <span class='ocrx_word' id='word_1_90' title='bbox 324 2285 544 2360; x_wconf 84' lang='lat' dir='ltr'><strong>Baluzianam,</strong></span> <span class='ocrx_word' id='word_1_91' title='bbox 555 2286 616 2348; x_wconf 89' lang='lat' dir='ltr'><strong>nisi</strong></span> <span class='ocrx_word' id='word_1_92' title='bbox 631 2286 687 2347; x_wconf 91' lang='lat' dir='ltr'><strong>ubi</strong></span> <span class='ocrx_word' id='word_1_93' title='bbox 702 2285 742 2363; x_wconf 87' lang='lat' dir='ltr'><strong>de</strong></span> <span class='ocrx_word' id='word_1_94' title='bbox 756 2285 872 2348; x_wconf 88' lang='lat' dir='ltr'><strong>variata</strong></span> <span class='ocrx_word' id='word_1_95' title='bbox 887 2285 1024 2347; x_wconf 89' lang='lat' dir='ltr'><strong>lectione</strong></span> <span class='ocrx_word' id='word_1_96' title='bbox 1036 2283 1197 2346; x_wconf 85' lang='lat' dir='ltr'><strong>lectorem</strong></span> 
     </span>
     <span class='ocr_line' id='line_1_16' title="bbox 148 2365 1197 2454; baseline -0.005 -20"><span class='ocrx_word' id='word_1_97' title='bbox 148 2370 274 2446; x_wconf 88' lang='lat' dir='ltr'><strong>monui,</strong></span> <span class='ocrx_word' id='word_1_98' title='bbox 288 2390 415 2453; x_wconf 84' lang='lat' dir='ltr'><strong>semper</strong></span> <span class='ocrx_word' id='word_1_99' title='bbox 429 2383 560 2432; x_wconf 87' lang='lat' dir='ltr'><strong>secutus</strong></span> <span class='ocrx_word' id='word_1_100' title='bbox 574 2393 658 2447; x_wconf 90' lang='lat' dir='ltr'><strong>sum,</strong></span> <span class='ocrx_word' id='word_1_101' title='bbox 673 2371 792 2454; x_wconf 87' lang='lat' dir='ltr'><strong>qnippe</strong></span> <span class='ocrx_word' id='word_1_102' title='bbox 806 2392 880 2432; x_wconf 93' lang='lat' dir='ltr'><strong>cum</strong></span> <span class='ocrx_word' id='word_1_103' title='bbox 895 2369 1008 2431; x_wconf 89' lang='lat' dir='ltr'><strong>eadem</strong></span> <span class='ocrx_word' id='word_1_104' title='bbox 1023 2389 1044 2429; x_wconf 91' lang='lat' dir='ltr'><strong>a</strong></span> <span class='ocrx_word' id='word_1_105' title='bbox 1057 2365 1197 2430; x_wconf 82' lang='lat' dir='ltr'><strong>Baluzio</strong></span> 
     </span>
     <span class='ocr_line' id='line_1_17' title="bbox 148 2450 1197 2540; baseline -0.003 -23"><span class='ocrx_word' id='word_1_106' title='bbox 148 2468 225 2539; x_wconf 83' lang='lat' dir='ltr'><strong>post</strong></span> <span class='ocrx_word' id='word_1_107' title='bbox 247 2454 344 2516; x_wconf 86' lang='lat' dir='ltr'><strong>visam</strong></span> <span class='ocrx_word' id='word_1_108' title='bbox 368 2455 411 2516; x_wconf 88' lang='lat' dir='ltr'><strong>ab</strong></span> <span class='ocrx_word' id='word_1_109' title='bbox 434 2476 487 2531; x_wconf 87' lang='lat' dir='ltr'><strong>eu,</strong></span> <span class='ocrx_word' id='word_1_110' title='bbox 505 2469 544 2518; x_wconf 92' lang='lat' dir='ltr'><strong>ut</strong></span> <span class='ocrx_word' id='word_1_111' title='bbox 565 2477 604 2516; x_wconf 88' lang='lat' dir='ltr'><strong>ex</strong></span> <span class='ocrx_word' id='word_1_112' title='bbox 627 2456 710 2517; x_wconf 88' lang='lat' dir='ltr'><strong>notis</strong></span> <span class='ocrx_word' id='word_1_113' title='bbox 732 2455 803 2540; x_wconf 89' lang='lat' dir='ltr'><strong>ejus</strong></span> <span class='ocrx_word' id='word_1_114' title='bbox 827 2466 965 2530; x_wconf 90' lang='lat' dir='ltr'><strong>constat,</strong></span> <span class='ocrx_word' id='word_1_115' title='bbox 982 2454 1014 2516; x_wconf 89' lang='lat' dir='ltr'><strong>J.</strong></span> <span class='ocrx_word' id='word_1_116' title='bbox 1030 2450 1197 2515; x_wconf 89' lang='lat' dir='ltr'><strong>Harduini</strong></span> 
     </span>
     <span class='ocr_line' id='line_1_18' title="bbox 150 2537 1195 2616; baseline -0.004 -14"><span class='ocrx_word' id='word_1_117' title='bbox 150 2537 372 2602; x_wconf 89' lang='lat' dir='ltr'><strong>Conciliorum</strong></span> <span class='ocrx_word' id='word_1_118' title='bbox 388 2538 574 2616; x_wconf 85' lang='lat' dir='ltr'><strong>editionem,</strong></span> <span class='ocrx_word' id='word_1_119' title='bbox 588 2539 741 2602; x_wconf 89' lang='lat' dir='ltr'><strong>adornata</strong></span> <span class='ocrx_word' id='word_1_120' title='bbox 758 2540 866 2602; x_wconf 83' lang='lat' dir='ltr'><strong>fuerit.</strong></span> <span class='ocrx_word' id='word_1_121' title='bbox 898 2541 1053 2602; x_wconf 85' lang='lat' dir='ltr'><strong>Mortuus</strong></span> <span class='ocrx_word' id='word_1_122' title='bbox 1067 2555 1120 2599; x_wconf 88' lang='lat' dir='ltr'><strong>est</strong></span> <span class='ocrx_word' id='word_1_123' title='bbox 1133 2559 1195 2599; x_wconf 87' lang='lat' dir='ltr'><strong>au·</strong></span> 
     </span>
     <span class='ocr_line' id='line_1_19' title="bbox 148 2623 1197 2707; baseline -0.004 -20"><span class='ocrx_word' id='word_1_124' title='bbox 148 2636 217 2687; x_wconf 89' lang='lat' dir='ltr'><strong>tem</strong></span> <span class='ocrx_word' id='word_1_125' title='bbox 233 2623 398 2700; x_wconf 86' lang='lat' dir='ltr'><strong>Baluzius,</strong></span> <span class='ocrx_word' id='word_1_126' title='bbox 414 2638 562 2707; x_wconf 90' lang='lat' dir='ltr'><strong>utsupra</strong></span> <span class='ocrx_word' id='word_1_127' title='bbox 577 2625 703 2686; x_wconf 89' lang='lat' dir='ltr'><strong>ostendi</strong></span> <span class='ocrx_word' id='word_1_128' title='bbox 720 2625 760 2687; x_wconf 89' lang='lat' dir='ltr'><strong>ad</strong></span> <span class='ocrx_word' id='word_1_129' title='bbox 777 2625 973 2687; x_wconf 59' lang='lat' dir='ltr'><strong>Constitu</strong></span> <span class='ocrx_word' id='word_1_130' title='bbox 997 2624 1197 2706; x_wconf 84' lang='lat' dir='ltr'><strong>Fragmenta</strong></span> 
     </span>
     <span class='ocr_line' id='line_1_20' title="bbox 147 2705 1197 2794; baseline -0.002 -24"><span class='ocrx_word' id='word_1_131' title='bbox 147 2729 225 2794; x_wconf 82' lang='lat' dir='ltr'><strong>pag.</strong></span> <span class='ocrx_word' id='word_1_132' title='bbox 245 2721 291 2770; x_wconf 79' lang='lat' dir='ltr'><strong>le.</strong></span> <span class='ocrx_word' id='word_1_133' title='bbox 309 2724 382 2770; x_wconf 88' lang='lat' dir='ltr'><strong>ante</strong></span> <span class='ocrx_word' id='word_1_134' title='bbox 403 2708 527 2771; x_wconf 88' lang='lat' dir='ltr'><strong>editum</strong></span> <span class='ocrx_word' id='word_1_135' title='bbox 547 2725 723 2783; x_wconf 81' lang='lat' dir='ltr'><strong>ann01727</strong></span> <span class='ocrx_word' id='word_1_136' title='bbox 744 2733 763 2770; x_wconf 89' lang='lat' dir='ltr'><strong>a</strong></span> <span class='ocrx_word' id='word_1_137' title='bbox 785 2708 1002 2772; x_wconf 86' lang='lat' dir='ltr'><strong>Benedictinis</strong></span> <span class='ocrx_word' id='word_1_138' title='bbox 1023 2705 1197 2769; x_wconf 88' lang='lat' dir='ltr'><strong>monachis</strong></span> 
     </span>
     <span class='ocr_line' id='line_1_21' title="bbox 150 2791 1197 2879; baseline -0.002 -23"><span class='ocrx_word' id='word_1_139' title='bbox 150 2792 351 2879; x_wconf 86' lang='lat' dir='ltr'><strong>Cyprianum</strong></span> <span class='ocrx_word' id='word_1_140' title='bbox 372 2806 447 2855; x_wconf 90' lang='lat' dir='ltr'><strong>octo</strong></span> <span class='ocrx_word' id='word_1_141' title='bbox 472 2816 583 2870; x_wconf 86' lang='lat' dir='ltr'><strong>annos,</strong></span> <span class='ocrx_word' id='word_1_142' title='bbox 603 2808 699 2878; x_wconf 90' lang='lat' dir='ltr'><strong>atque</strong></span> <span class='ocrx_word' id='word_1_143' title='bbox 720 2794 839 2856; x_wconf 87' lang='lat' dir='ltr'><strong>interca</strong></span> <span class='ocrx_word' id='word_1_144' title='bbox 864 2793 983 2877; x_wconf 86' lang='lat' dir='ltr'><strong>prodiit</strong></span> <span class='ocrx_word' id='word_1_145' title='bbox 1007 2791 1197 2855; x_wconf 88' lang='lat' dir='ltr'><strong>Constantii</strong></span> 
     </span>
     <span class='ocr_line' id='line_1_22' title="bbox 147 2875 1196 2977; baseline -0.004 -35"><span class='ocrx_word' id='word_1_146' title='bbox 147 2898 243 2977; x_wconf 85' lang='lat' dir='ltr'><strong>opus,</strong></span> <span class='ocrx_word' id='word_1_147' title='bbox 259 2877 314 2962; x_wconf 82' lang='lat' dir='ltr'><strong>qui</strong></span> <span class='ocrx_word' id='word_1_148' title='bbox 329 2899 412 2939; x_wconf 86' lang='lat' dir='ltr'><strong>anno</strong></span> <span class='ocrx_word' id='word_1_149' title='bbox 431 2890 499 2951; x_wconf 79' lang='lat'>1721</span> <span class='ocrx_word' id='word_1_150' title='bbox 522 2878 683 2961; x_wconf 77' lang='lat' dir='ltr'><strong>Epistulas</strong></span> <span class='ocrx_word' id='word_1_151' title='bbox 698 2878 884 2961; x_wconf 81' lang='lat' dir='ltr'><strong>Pontificum</strong></span> <span class='ocrx_word' id='word_1_152' title='bbox 900 2879 1112 2940; x_wconf 78' lang='lat' dir='ltr'><strong>Romanorum</strong></span> <span class='ocrx_word' id='word_1_153' title='bbox 1124 2875 1196 2940; x_wconf 90' lang='lat' dir='ltr'><strong>edi-</strong></span> 
     </span>
     <span class='ocr_line' id='line_1_23' title="bbox 147 2961 1198 3047; baseline -0.002 -21"><span class='ocrx_word' id='word_1_154' title='bbox 147 2961 207 3039; x_wconf 78' lang='lat' dir='ltr'><strong>dit,</strong></span> <span class='ocrx_word' id='word_1_155' title='bbox 223 2962 255 3025; x_wconf 88' lang='lat' dir='ltr'><strong>in</strong></span> <span class='ocrx_word' id='word_1_156' title='bbox 271 2962 388 3046; x_wconf 89' lang='lat' dir='ltr'><strong>quibus</strong></span> <span class='ocrx_word' id='word_1_157' title='bbox 408 2962 488 3024; x_wconf 87' lang='lat' dir='ltr'><strong>duas</strong></span> <span class='ocrx_word' id='word_1_158' title='bbox 510 2984 549 3024; x_wconf 86' lang='lat' dir='ltr'><strong>ex</strong></span> <span class='ocrx_word' id='word_1_159' title='bbox 570 2962 711 3045; x_wconf 88' lang='lat' dir='ltr'><strong>epistolis</strong></span> <span class='ocrx_word' id='word_1_160' title='bbox 735 2964 783 3024; x_wconf 91' lang='lat' dir='ltr'><strong>his</strong></span> <span class='ocrx_word' id='word_1_161' title='bbox 807 2962 978 3047; x_wconf 90' lang='lat' dir='ltr'><strong>Synodicis</strong></span> <span class='ocrx_word' id='word_1_162' title='bbox 999 2962 1141 3045; x_wconf 88' lang='lat' dir='ltr'><strong>primam</strong></span> <span class='ocrx_word' id='word_1_163' title='bbox 1163 2974 1198 3024; x_wconf 90' lang='lat' dir='ltr'><strong>ct</strong></span> 
     </span>
     <span class='ocr_line' id='line_1_24' title="bbox 148 3046 1197 3134; baseline -0.003 -23"><span class='ocrx_word' id='word_1_164' title='bbox 148 3047 294 3134; x_wconf 85' lang='lat' dir='ltr'><strong>quintam</strong></span> <span class='ocrx_word' id='word_1_165' title='bbox 322 3046 475 3130; x_wconf 85' lang='lat' dir='ltr'><strong>reposuit.</strong></span> <span class='ocrx_word' id='word_1_166' title='bbox 519 3047 618 3132; x_wconf 73' lang='lat' dir='ltr'><strong>Quod</strong></span> <span class='ocrx_word' id='word_1_167' title='bbox 639 3048 680 3109; x_wconf 91' lang='lat' dir='ltr'><strong>ad</strong></span> <span class='ocrx_word' id='word_1_168' title='bbox 707 3048 794 3110; x_wconf 88' lang='lat' dir='ltr'><strong>alind</strong></span> <span class='ocrx_word' id='word_1_169' title='bbox 817 3047 981 3132; x_wconf 87' lang='lat' dir='ltr'><strong>quoddam</strong></span> <span class='ocrx_word' id='word_1_170' title='bbox 1004 3046 1197 3108; x_wconf 90' lang='lat' dir='ltr'><strong>Concilium</strong></span> 
     </span>
     <span class='ocr_line' id='line_1_25' title="bbox 148 3129 1197 3217; baseline -0.001 -20"><span class='ocrx_word' id='word_1_171' title='bbox 148 3133 261 3198; x_wconf 89' lang='lat' dir='ltr'><strong>attinet</strong></span> <span class='ocrx_word' id='word_1_172' title='bbox 283 3144 399 3217; x_wconf 86' lang='lat' dir='ltr'><strong>praeter</strong></span> <span class='ocrx_word' id='word_1_173' title='bbox 419 3145 543 3217; x_wconf 86' lang='lat' dir='ltr'><strong>septem</strong></span> <span class='ocrx_word' id='word_1_174' title='bbox 564 3132 624 3194; x_wconf 87' lang='lat' dir='ltr'><strong>ista</strong></span> <span class='ocrx_word' id='word_1_175' title='bbox 645 3132 850 3216; x_wconf 87' lang='lat' dir='ltr'><strong>Cyprianica,</strong></span> <span class='ocrx_word' id='word_1_176' title='bbox 866 3132 907 3193; x_wconf 87' lang='lat' dir='ltr'><strong>ad</strong></span> <span class='ocrx_word' id='word_1_177' title='bbox 932 3146 1083 3194; x_wconf 83' lang='lat' dir='ltr'><strong>octavum</strong></span> <span class='ocrx_word' id='word_1_178' title='bbox 1104 3129 1197 3196; x_wconf 88' lang='lat' dir='ltr'><strong>istud</strong></span> 
     </span>
     <span class='ocr_line' id='line_1_26' title="bbox 147 3215 1197 3301; baseline -0.002 -20"><span class='ocrx_word' id='word_1_179' title='bbox 147 3216 229 3283; x_wconf 88' lang='lat' dir='ltr'><strong>duas</strong></span> <span class='ocrx_word' id='word_1_180' title='bbox 249 3215 400 3301; x_wconf 82' lang='lat' dir='ltr'><strong>epistolas</strong></span> <span class='ocrx_word' id='word_1_181' title='bbox 421 3216 640 3301; x_wconf 85' lang='lat' dir='ltr'><strong>Cyprianicas‚</strong></span> <span class='ocrx_word' id='word_1_182' title='bbox 656 3218 724 3278; x_wconf 89' lang='lat' dir='ltr'><strong>scil.</strong></span> <span class='ocrx_word' id='word_1_183' title='bbox 741 3223 777 3277; x_wconf 86' lang='lat'><strong>65</strong></span> <span class='ocrx_word' id='word_1_184' title='bbox 795 3219 828 3278; x_wconf 83' lang='lat' dir='ltr'><strong>et</strong></span> <span class='ocrx_word' id='word_1_185' title='bbox 843 3223 894 3292; x_wconf 84' lang='lat'><strong>66,</strong></span> <span class='ocrx_word' id='word_1_186' title='bbox 911 3217 975 3278; x_wconf 90' lang='lat' dir='ltr'><strong>sive</strong></span> <span class='ocrx_word' id='word_1_187' title='bbox 989 3230 1007 3278; x_wconf 88' lang='lat'>3</span> <span class='ocrx_word' id='word_1_188' title='bbox 1023 3227 1059 3278; x_wconf 89' lang='lat' dir='ltr'><strong>et</strong></span> <span class='ocrx_word' id='word_1_189' title='bbox 1076 3230 1106 3292; x_wconf 86' lang='lat'><strong>1,</strong></span> <span class='ocrx_word' id='word_1_190' title='bbox 1120 3237 1197 3300; x_wconf 85' lang='lat' dir='ltr'><strong>per·</strong></span> 
     </span>
     <span class='ocr_line' id='line_1_27' title="bbox 147 3299 1195 3386; baseline -0.002 -20"><span class='ocrx_word' id='word_1_191' title='bbox 147 3303 249 3366; x_wconf 86' lang='lat' dir='ltr'><strong>tinere</strong></span> <span class='ocrx_word' id='word_1_192' title='bbox 276 3316 386 3364; x_wconf 87' lang='lat' dir='ltr'><strong>censet</strong></span> <span class='ocrx_word' id='word_1_193' title='bbox 409 3315 483 3386; x_wconf 90' lang='lat' dir='ltr'><strong>post</strong></span> <span class='ocrx_word' id='word_1_194' title='bbox 506 3300 586 3362; x_wconf 81' lang='lat' dir='ltr'><strong>alios</strong></span> <span class='ocrx_word' id='word_1_195' title='bbox 612 3300 769 3363; x_wconf 87' lang='lat' dir='ltr'><strong>Emanuel</strong></span> <span class='ocrx_word' id='word_1_196' title='bbox 793 3307 812 3365; x_wconf 75' lang='lat' dir='ltr'><strong>a</strong></span> <span class='ocrx_word' id='word_1_197' title='bbox 835 3300 1044 3378; x_wconf 77' lang='lat' dir='ltr'><strong>schelstrate,</strong></span> <span class='ocrx_word' id='word_1_198' title='bbox 1068 3299 1195 3364; x_wconf 80' lang='lat' dir='ltr'><strong>Eccles.</strong></span> 
     </span>
     <span class='ocr_line' id='line_1_28' title="bbox 147 3384 1196 3473; baseline -0.001 -23"><span class='ocrx_word' id='word_1_199' title='bbox 147 3385 294 3473; x_wconf 80' lang='lat' dir='ltr'><strong>African.</strong></span> <span class='ocrx_word' id='word_1_200' title='bbox 316 3384 451 3447; x_wconf 83' lang='lat' dir='ltr'><strong>Dissert.</strong></span> <span class='ocrx_word' id='word_1_201' title='bbox 467 3385 511 3446; x_wconf 90' lang='lat' dir='ltr'><strong>iii.</strong></span> <span class='ocrx_word' id='word_1_202' title='bbox 525 3405 595 3468; x_wconf 87' lang='lat' dir='ltr'><strong>cap.</strong></span> <span class='ocrx_word' id='word_1_203' title='bbox 613 3400 640 3445; x_wconf 89' lang='lat'><strong>1.</strong></span> <span class='ocrx_word' id='word_1_204' title='bbox 657 3407 689 3468; x_wconf 94' lang='lat' dir='ltr'><strong>p.</strong></span> <span class='ocrx_word' id='word_1_205' title='bbox 707 3401 773 3446; x_wconf 84' lang='lat'><strong>121.</strong></span> <span class='ocrx_word' id='word_1_206' title='bbox 819 3385 984 3468; x_wconf 86' lang='lat' dir='ltr'><strong>Refragati</strong></span> <span class='ocrx_word' id='word_1_207' title='bbox 1004 3399 1118 3449; x_wconf 92' lang='lat' dir='ltr'><strong>autem</strong></span> <span class='ocrx_word' id='word_1_208' title='bbox 1142 3385 1196 3449; x_wconf 87' lang='lat' dir='ltr'><strong>fu·</strong></span> 
     </span>
     <span class='ocr_line' id='line_1_29' title="bbox 145 3468 1195 3556; baseline -0.003 -21"><span class='ocrx_word' id='word_1_209' title='bbox 145 3482 237 3535; x_wconf 85' lang='lat' dir='ltr'><strong>erant</strong></span> <span class='ocrx_word' id='word_1_210' title='bbox 260 3469 334 3531; x_wconf 89' lang='lat' dir='ltr'><strong>huic</strong></span> <span class='ocrx_word' id='word_1_211' title='bbox 357 3468 522 3531; x_wconf 65' lang='lat' dir='ltr'><strong>sententiae</strong></span> <span class='ocrx_word' id='word_1_212' title='bbox 545 3481 610 3529; x_wconf 89' lang='lat' dir='ltr'><strong>tam</strong></span> <span class='ocrx_word' id='word_1_213' title='bbox 636 3469 822 3531; x_wconf 88' lang='lat' dir='ltr'><strong>Pearsonius</strong></span> <span class='ocrx_word' id='word_1_214' title='bbox 845 3471 877 3531; x_wconf 93' lang='lat' dir='ltr'><strong>in</strong></span> <span class='ocrx_word' id='word_1_215' title='bbox 894 3468 1077 3533; x_wconf 78' lang='lat' dir='ltr'><strong>Annalibus</strong></span> <span class='ocrx_word' id='word_1_216' title='bbox 1095 3472 1195 3556; x_wconf 81' lang='lat' dir='ltr'><strong>Cypr.</strong></span> 
     </span>
     <span class='ocr_line' id='line_1_30' title="bbox 146 3551 1196 3642; baseline -0.001 -23"><span class='ocrx_word' id='word_1_217' title='bbox 146 3575 244 3642; x_wconf 86' lang='lat' dir='ltr'><strong>quam</strong></span> <span class='ocrx_word' id='word_1_218' title='bbox 261 3552 366 3616; x_wconf 86' lang='lat' dir='ltr'><strong>Fellus</strong></span> <span class='ocrx_word' id='word_1_219' title='bbox 381 3552 422 3614; x_wconf 88' lang='lat' dir='ltr'><strong>ad</strong></span> <span class='ocrx_word' id='word_1_220' title='bbox 439 3551 630 3636; x_wconf 74' lang='lat' dir='ltr'><strong>Cypriannm</strong></span> <span class='ocrx_word' id='word_1_221' title='bbox 644 3554 761 3637; x_wconf 91' lang='lat' dir='ltr'><strong>ipsum,</strong></span> <span class='ocrx_word' id='word_1_222' title='bbox 778 3553 856 3617; x_wconf 92' lang='lat' dir='ltr'><strong>dum</strong></span> <span class='ocrx_word' id='word_1_223' title='bbox 872 3567 1008 3617; x_wconf 88' lang='lat' dir='ltr'><strong>monent</strong></span> <span class='ocrx_word' id='word_1_224' title='bbox 1021 3554 1196 3618; x_wconf 86' lang='lat' dir='ltr'><strong>clarissimi</strong></span> 
     </span>
     <span class='ocr_line' id='line_1_31' title="bbox 145 3634 1195 3727; baseline -0.001 -23"><span class='ocrx_word' id='word_1_225' title='bbox 145 3637 312 3727; x_wconf 75' lang='lat' dir='ltr'><strong>praesules,</strong></span> <span class='ocrx_word' id='word_1_226' title='bbox 338 3637 444 3713; x_wconf 85' lang='lat' dir='ltr'><strong>verba,</strong></span> <span class='ocrx_word' id='word_1_227' title='bbox 469 3634 606 3722; x_wconf 70' lang='lat' dir='ltr'><strong>Collegae</strong></span> <span class='ocrx_word' id='word_1_228' title='bbox 628 3640 682 3722; x_wconf 82' lang='lat' dir='ltr'><strong>qni</strong></span> <span class='ocrx_word' id='word_1_229' title='bbox 705 3650 875 3720; x_wconf 70' lang='lat' dir='ltr'><strong>praesentes</strong></span> <span class='ocrx_word' id='word_1_230' title='bbox 897 3641 1041 3716; x_wconf 79' lang='lat' dir='ltr'><strong>aderant,</strong></span> <span class='ocrx_word' id='word_1_231' title='bbox 1064 3661 1195 3703; x_wconf 86' lang='lat' dir='ltr'><strong>sacram</strong></span> 
     </span>
     <span class='ocr_line' id='line_1_32' title="bbox 145 3718 1196 3812; baseline -0.002 -22"><span class='ocrx_word' id='word_1_232' title='bbox 145 3721 308 3812; x_wconf 74' lang='lat' dir='ltr'><strong>synodum</strong></span> <span class='ocrx_word' id='word_1_233' title='bbox 325 3718 410 3804; x_wconf 87' lang='lat' dir='ltr'><strong>apud</strong></span> <span class='ocrx_word' id='word_1_234' title='bbox 426 3720 623 3806; x_wconf 86' lang='lat' dir='ltr'><strong>Cyprianum</strong></span> <span class='ocrx_word' id='word_1_235' title='bbox 641 3743 767 3805; x_wconf 87' lang='lat' dir='ltr'><strong>semper</strong></span> <span class='ocrx_word' id='word_1_236' title='bbox 781 3724 907 3807; x_wconf 86' lang='lat' dir='ltr'><strong>signare</strong></span> <span class='ocrx_word' id='word_1_237' title='bbox 922 3745 985 3786; x_wconf 91' lang='lat' dir='ltr'><strong>non</strong></span> <span class='ocrx_word' id='word_1_238' title='bbox 1002 3721 1132 3802; x_wconf 83' lang='lat' dir='ltr'><strong>solerc3</strong></span> <span class='ocrx_word' id='word_1_239' title='bbox 1157 3746 1196 3788; x_wconf 89' lang='lat' dir='ltr'><strong>ac</strong></span> 
     </span>
     <span class='ocr_line' id='line_1_33' title="bbox 144 3804 1196 3898; baseline 0.001 -26"><span class='ocrx_word' id='word_1_240' title='bbox 144 3828 243 3898; x_wconf 90' lang='lat' dir='ltr'><strong>porro</strong></span> <span class='ocrx_word' id='word_1_241' title='bbox 268 3804 398 3869; x_wconf 85' lang='lat' dir='ltr'><strong>solenne</strong></span> <span class='ocrx_word' id='word_1_242' title='bbox 423 3805 489 3868; x_wconf 86' lang='lat' dir='ltr'><strong>fere</strong></span> <span class='ocrx_word' id='word_1_243' title='bbox 511 3826 580 3868; x_wconf 86' lang='lat' dir='ltr'><strong>esse</strong></span> <span class='ocrx_word' id='word_1_244' title='bbox 605 3806 770 3890; x_wconf 88' lang='lat' dir='ltr'><strong>Cypriano</strong></span> <span class='ocrx_word' id='word_1_245' title='bbox 793 3808 825 3868; x_wconf 86' lang='lat' dir='ltr'><strong>in</strong></span> <span class='ocrx_word' id='word_1_246' title='bbox 850 3808 994 3891; x_wconf 82' lang='lat' dir='ltr'><strong>epistolis</strong></span> <span class='ocrx_word' id='word_1_247' title='bbox 1017 3809 1196 3893; x_wconf 85' lang='lat' dir='ltr'><strong>Synodicis</strong></span> 
     </span>
     <span class='ocr_line' id='line_1_34' title="bbox 144 3888 1195 4036; baseline -0.001 -77"><span class='ocrx_word' id='word_1_248' title='bbox 144 3891 277 3959; x_wconf 86' lang='lat' dir='ltr'><strong>nomina</strong></span> <span class='ocrx_word' id='word_1_249' title='bbox 292 3888 516 4036; x_wconf 86' lang='lat' dir='ltr'><strong>episcoporum</strong></span> <span class='ocrx_word' id='word_1_250' title='bbox 539 3911 709 3974; x_wconf 90' lang='lat' dir='ltr'><strong>apponere,</strong></span> <span class='ocrx_word' id='word_1_251' title='bbox 724 3913 795 3974; x_wconf 86' lang='lat' dir='ltr'><strong>quae</strong></span> <span class='ocrx_word' id='word_1_252' title='bbox 811 3892 940 3976; x_wconf 91' lang='lat' dir='ltr'><strong>quidem</strong></span> <span class='ocrx_word' id='word_1_253' title='bbox 956 3893 1000 3954; x_wconf 88' lang='lat' dir='ltr'><strong>ibi</strong></span> <span class='ocrx_word' id='word_1_254' title='bbox 1017 3915 1084 3955; x_wconf 93' lang='lat' dir='ltr'><strong>non</strong></span> <span class='ocrx_word' id='word_1_255' title='bbox 1098 3916 1195 3958; x_wconf 89' lang='lat' dir='ltr'><strong>com-</strong></span> 
     </span>
     <span class='ocr_line' id='line_1_35' title="bbox 144 3973 1195 4066; baseline 0.001 -24"><span class='ocrx_word' id='word_1_256' title='bbox 144 3990 269 4066; x_wconf 82' lang='lat' dir='ltr'><strong>parent.</strong></span> <span class='ocrx_word' id='word_1_257' title='bbox 331 3989 426 4059; x_wconf 89' lang='lat' dir='ltr'><strong>taque</strong></span> <span class='ocrx_word' id='word_1_258' title='bbox 440 3994 478 4036; x_wconf 90' lang='lat' dir='ltr'><strong>ea</strong></span> <span class='ocrx_word' id='word_1_259' title='bbox 493 3973 623 4057; x_wconf 91' lang='lat' dir='ltr'><strong>quidem</strong></span> <span class='ocrx_word' id='word_1_260' title='bbox 640 3974 680 4036; x_wconf 92' lang='lat' dir='ltr'><strong>de</strong></span> <span class='ocrx_word' id='word_1_261' title='bbox 694 3996 790 4038; x_wconf 82' lang='lat' dir='ltr'><strong>causa</strong></span> <span class='ocrx_word' id='word_1_262' title='bbox 804 3977 928 4059; x_wconf 91' lang='lat' dir='ltr'><strong>potiore</strong></span> <span class='ocrx_word' id='word_1_263' title='bbox 938 3978 1013 4061; x_wconf 88' lang='lat' dir='ltr'><strong>jure</strong></span> <span class='ocrx_word' id='word_1_264' title='bbox 1027 3977 1114 4041; x_wconf 90' lang='lat' dir='ltr'><strong>inter</strong></span> <span class='ocrx_word' id='word_1_265' title='bbox 1130 3980 1195 4065; x_wconf 90' lang='lat' dir='ltr'><strong>Sy·</strong></span> 
     </span>
     <span class='ocr_line' id='line_1_36' title="bbox 145 4057 1198 4144; baseline -0.002 -16"><span class='ocrx_word' id='word_1_266' title='bbox 145 4061 276 4128; x_wconf 88' lang='lat' dir='ltr'><strong>uodicas</strong></span> <span class='ocrx_word' id='word_1_267' title='bbox 304 4058 454 4144; x_wconf 84' lang='lat' dir='ltr'><strong>epistolas</strong></span> <span class='ocrx_word' id='word_1_268' title='bbox 483 4057 675 4121; x_wconf 86' lang='lat' dir='ltr'><strong>recensenda</strong></span> <span class='ocrx_word' id='word_1_269' title='bbox 699 4059 782 4122; x_wconf 86' lang='lat' dir='ltr'><strong>foret</strong></span> <span class='ocrx_word' id='word_1_270' title='bbox 806 4060 861 4122; x_wconf 87' lang='lat' dir='ltr'><strong>illa</strong></span> <span class='ocrx_word' id='word_1_271' title='bbox 886 4067 937 4138; x_wconf 85' lang='lat'><strong>62,</strong></span> <span class='ocrx_word' id='word_1_272' title='bbox 957 4061 1064 4141; x_wconf 84' lang='lat' dir='ltr'><strong>aliter,</strong></span> <span class='ocrx_word' id='word_1_273' title='bbox 1090 4075 1126 4142; x_wconf 85' lang='lat'><strong>4,</strong></span> <span class='ocrx_word' id='word_1_274' title='bbox 1153 4064 1198 4127; x_wconf 86' lang='lat' dir='ltr'><strong>nd</strong></span> 
     </span>
    </p>
   </div>
   <div class='ocr_carea' id='block_1_5' title="bbox 147 4141 1197 4233">
    <p class='ocr_par' dir='ltr' id='par_1_5' title="bbox 147 4141 1197 4233">
     <span class='ocr_line' id='line_1_37' title="bbox 147 4141 1197 4233; baseline 0.002 -21"><span class='ocrx_word' id='word_1_275' title='bbox 147 4142 351 4233; x_wconf 83' lang='lat' dir='ltr'><strong>Pomponium</strong></span> <span class='ocrx_word' id='word_1_276' title='bbox 372 4142 413 4210; x_wconf 87' lang='lat' dir='ltr'><strong>de</strong></span> <span class='ocrx_word' id='word_1_277' title='bbox 434 4141 610 4228; x_wconf 84' lang='lat' dir='ltr'><strong>virginibus</strong></span> <span class='ocrx_word' id='word_1_278' title='bbox 632 4142 810 4228; x_wconf 89' lang='lat' dir='ltr'><strong>synisactis,</strong></span> <span class='ocrx_word' id='word_1_279' title='bbox 829 4145 922 4231; x_wconf 90' lang='lat' dir='ltr'><strong>cujus</strong></span> <span class='ocrx_word' id='word_1_280' title='bbox 941 4145 1040 4210; x_wconf 87' lang='lat' dir='ltr'><strong>fronti</strong></span> <span class='ocrx_word' id='word_1_281' title='bbox 1059 4148 1197 4214; x_wconf 86' lang='lat' dir='ltr'><strong>nomina</strong></span> 
     </span>
    </p>
   </div>
   <div class='ocr_carea' id='block_1_6' title="bbox 0 0 1344 4756">
    <p class='ocr_par' dir='ltr' id='par_1_6' title="bbox 0 0 1344 4756">
     <span class='ocr_line' id='line_1_38' title="bbox 0 0 1344 4756; baseline 0 2"><span class='ocrx_word' id='word_1_282' title='bbox 0 0 1344 4756; x_wconf 95' lang='lat' dir='ltr'><strong> </strong></span> 
     </span>
    </p>
   </div>
  </div>
 </body>
</html>
