2678 4756
209 300 251 380 7⁶
479 290 757 383 santonia
782 292 1021 371 sacam„

207 462 704 533 *mmmmm
730 463 1263 554 Nocaliquiannrtrmnitldehet

206 575 774 665 horrereqnodDeosdignatusert
791 578 907 643 tassia
948 580 1041 645 Nam
1058 577 1124 646 etsi
1142 577 1260 647 adhuc

206 680 1259 777 imamapnummmnonimestmntenntquisqffl

206 788 355 869 illumin
374 803 480 890 gratia
499 802 606 867 danda
626 815 724 889 atque
741 799 1260 891 inpaoelaciondahorrcrede·

207 910 284 976 beat
296 913 449 990 osculari,
464 911 595 997 qnando
607 911 642 975 in
654 911 770 976 osculo
787 912 919 977 infantis
936 910 1163 999 immunisque
1176 928 1288 981 nos-s

206 1031 369 1106 trumpro
388 1042 448 1084 sna
464 1019 622 1106 religione
642 1019 729 1105 ipsas
749 1020 859 1085 adhuc
880 1032 1025 1086 recenoes
1045 1019 1112 1085 Dei
1133 1040 1259 1087 manna
1296 1040 1301 1047 ·

205 1127 324 1192 debat
335 1129 492 1216 cogitare,
507 1150 588 1216 quas
610 1127 644 1192 in
664 1127 798 1193 homine
819 1129 922 1194 modo
935 1129 1077 1194 formato
1089 1143 1127 1195 et
1138 1150 1260 1196 recens

206 1237 349 1325 qnothm
370 1236 472 1302 modo
492 1236 717 1302 exosculamur
736 1237 923 1325 quandoid
944 1237 1035 1326 quod
1058 1239 1154 1304 Deus
1176 1239 1259 1305 fecit

171 1371 174 1375 ·
205 1347 443 1434 amplectimur.
486 1348 575 1411 Nam
595 1347 685 1434 qnod
704 1346 739 1412 in
756 1348 895 1414 Jndaica
910 1347 1162 1413 circumcisione
1180 1368 1257 1414 car·

205 1457 271 1521 nali
288 1472 420 1522 octavus
435 1455 504 1521 dies
518 1456 759 1537 observabatur,
772 1470 1010 1522 sacramentum
1023 1450 1074 1522 est
1086 1456 1306 1529 inumbrare

204 1554 303 1651 atque
326 1565 359 1629 in
377 1565 520 1651 imagine
540 1578 616 1630 ante
637 1567 853 1652 premissum,
871 1567 929 1632 sed
948 1566 1096 1632 veniente
1114 1566 1258 1634 Christo

205 1674 337 1740 veritate
356 1675 569 1761 completum.
610 1676 700 1740 Nam
722 1677 778 1763 qui
798 1691 932 1741 octavus
950 1675 1032 1756 dics,
1046 1675 1081 1740 id
1098 1690 1163 1755 est,
1178 1691 1258 1764 post

203 1787 375 1853 sabbatum
391 1787 514 1874 primus
525 1786 745 1866 dies,fi1turus
759 1802 829 1852 erat
841 1810 909 1874 quo
921 1786 1087 1850 Dominus
1099 1808 1258 1874 resurge·

204 1909 256 1961 ret
276 1911 311 1961 et
330 1919 389 1960 nos
410 1894 579 1960 vivificaret
598 1909 633 1960 et
652 1897 931 1962 circumcisionem
956 1896 1050 1960 nobis
1071 1886 1255 1982 spiritalem

204 2003 307 2086 daret,
323 2005 377 2071 hic
397 2004 465 2070 dies
483 2019 628 2084 octavus,
645 2005 679 2070 id
700 2021 762 2087 est,
779 2020 855 2093 post
877 2007 1050 2071 sabbatum
1071 2006 1200 2093 primus
1220 2020 1300 2077 etit

204 2115 397 2194 dominicus,
421 2117 588 2202 praecessit
613 2118 646 2180 in
671 2117 822 2202 imagine.
867 2119 953 2206 Quae
979 2118 1091 2204 imago
1113 2119 1257 2185 cessarit

204 2227 445 2314 superveniente
464 2227 675 2313 postmodum
695 2227 829 2292 veritate
851 2240 886 2291 et
905 2227 982 2291 data
1000 2225 1097 2291 nohis
1113 2226 1256 2314 spiritali

202 2334 458 2401 circumcisione.
503 2337 637 2422 Propter
649 2337 738 2423 qnod
759 2337 922 2401 neminem
941 2349 1099 2422 putamus
1109 2358 1132 2401 a
1143 2338 1256 2423 gratia

202 2444 429 2531 consequenda
443 2445 683 2530 impediendum
698 2468 769 2510 esse
786 2468 826 2510 ea
847 2447 920 2531 lege
941 2469 1015 2532 quar
1032 2445 1104 2533 jam
1125 2461 1254 2513 statuta

200 2567 263 2634 cst,
287 2576 346 2618 nec
369 2555 543 2640 spiritalem
569 2556 845 2620 circumcisionem
871 2555 1020 2642 impediri
1039 2557 1163 2622 carnali
1182 2557 1301 2625 cir-ao

202 2665 400 2730 cumcisione
414 2664 542 2745 debere,
557 2666 614 2730 sed
633 2688 764 2730 omnem
785 2667 919 2730 omnino
939 2667 1105 2731 hominem
1127 2666 1252 2735 admit-

203 2775 338 2840 tendum
354 2796 424 2840 esse
438 2775 480 2839 ad
493 2776 631 2861 gratiam
647 2775 781 2855 Christi,
795 2776 927 2863 quando
940 2790 975 2842 et
990 2779 1102 2842 Petrus
1116 2777 1151 2842 in
1166 2780 1254 2847 actis

202 2884 422 2972 apostolorum
437 2885 589 2972 loquatur
602 2901 636 2950 et
649 2887 754 2952 dicat:
769 2886 943 2952 'Dominus
956 2888 1034 2952 milti
1047 2888 1134 2953 dixit
1147 2889 1253 2954 nemi-

202 3014 273 3059 nem
287 2993 439 3058 hminem
453 3016 641 3057 cornmunem
660 2994 822 3059 dicendum
836 3006 867 3058 et
886 2994 1091 3060 immundum.
1137 2996 1254 3064 Caete-

202 3127 275 3170 rum
291 3104 318 3168 si
333 3102 481 3168 homines
495 3101 651 3188 impedire
663 3103 785 3189 aliquid
800 3103 841 3168 ad
855 3103 1118 3169 consecutionem
1132 3107 1252 3192 gratie
1261 3125 1299 3202 aa

199 3225 320 3300 posset,
335 3212 439 3299 magis
452 3210 581 3275 adultos
602 3223 637 3274 et
652 3225 822 3296 provectos
846 3224 881 3274 et
902 3213 1044 3297 majores
1065 3225 1145 3277 natu
1167 3234 1254 3299 pos·

204 3336 275 3386 sent
295 3321 452 3408 impedire
475 3333 609 3405 peccata
626 3319 790 3405 'graviora
835 3320 934 3383 Porro
952 3332 1070 3391 ,antem
1094 3319 1123 3383 si
1147 3320 1253 3387 etiam

199 3431 396 3517 gravissimis
418 3428 626 3493 delictoribus
640 3441 673 3491 et
688 3428 721 3490 in
736 3428 844 3491 Deum
861 3425 1002 3490 multum
1017 3439 1093 3492 ante
1107 3448 1252 3513 mecan-

201 3542 302 3621 obus,
315 3563 389 3606 cum
413 3553 527 3625 postea
545 3538 748 3617 crediderint,
762 3538 894 3602 remissa
913 3551 1124 3623 peccatorum
1139 3536 1253 3620 datur,

203 3666 238 3717 et
261 3673 282 3715 a
303 3649 464 3734 baptismo
487 3660 585 3733 atque
609 3668 630 3710 a
652 3648 874 3733 gratissemo
896 3645 1099 3733 prohibetur,
1123 3630 1306 3733 quantoao

202 3759 308 3846 magis
328 3757 492 3844 prohiberi
511 3778 576 3820 non
597 3753 695 3820 <lebet
714 3757 828 3834 infans,
841 3755 898 3842 qui
919 3777 1030 3819 recens
1051 3768 1146 3821 natus
1167 3759 1255 3825 nihil

203 3870 356 3956 peccavit,
370 3865 430 3930 nisi
444 3864 533 3952 quod
547 3864 724 3929 secundum
738 3864 846 3929 Adam
861 3865 1032 3929 carnaliter
1051 3877 1147 3930 natus
1169 3888 1255 3933 con·

203 3977 327 4066 tagium
348 3973 461 4039 mortis
481 3973 622 4060 antiquar
641 3973 746 4060 prima
767 3973 930 4037 nativitate
946 3974 1119 4055 contraxit,
1133 3976 1194 4062 qui
1208 3977 1254 4043 ad
1323 4055 1326 4059 ¹

344 4209 347 4214 ’
459 4213 538 4263 kTrt.
550 4214 566 4262 i.
579 4223 619 4263 ιε.
812 4210 819 4248 ¹
837 4213 892 4259 Act.
903 4227 929 4259 x.
942 4222 984 4261 aa.
