2678 4756
237 257 301 376 230
353 286 658 361 ANNOTAT.1N
672 292 844 360 rusco.
861 291 1166 360 rmcusurA.

284 460 318 525 Ρ.
332 473 402 525 224.
418 460 441 525 l.
454 474 504 526 νο.
526 463 648 549 δυνατὴν]
665 461 720 528 At.
736 465 768 527 δι’
784 466 868 542 αὐτὴν
880 463 922 528 ad
936 475 1042 552 marg.
1057 454 1169 530 Pharii
1190 475 1287 529 nota·

240 556 311 613 tum
325 560 386 612 est.
430 547 495 612 Sed
509 547 624 613 melior
635 556 685 614 est
699 549 796 614 lectio
811 564 953 635 recepta.

285 631 369 698 ibid·
394 631 417 696 l·
439 647 489 697 21.
518 635 612 694 ἄλλοτε
635 643 657 696 ἰν
678 637 769 704 ἄλλοις
789 641 878 703 τόποις
899 632 1135 718 αοομγςαφὸμννον]
1161 635 1287 698 Lucem

241 715 319 784 huic
334 717 423 782 dioto
438 739 476 783 ea
489 718 623 782 fortasse
637 717 906 798 commodabunt,
921 741 994 805 quae
1009 719 1149 783 seribere
1164 717 1290 782 videtur

242 823 348 889 anago
374 803 434 882 ice,
451 817 488 870 ut
505 802 697 889 loquuntur,
712 803 753 868 de
771 805 945 869 Servatoris
961 803 1062 869 nostri
1077 803 1289 890 transfigura-

242 888 332 959 tione
386 889 510 987 rigenes
532 888 566 953 in
589 904 680 953 tomo
695 889 749 953 xii.
769 889 994 954 Commentarii
1010 888 1043 953 οόι
1056 890 1147 954 Mat.
1169 910 1202 974 p.
1218 900 1289 966 297.

243 973 296 1038 ed.
310 974 436 1052 Huetir,
451 996 484 1060 p.
495 988 565 1038 558.
577 974 629 1038 ed.
641 974 816 1040 Delaruan.
838 978 905 1039 ἀλλ’
920 973 993 1039 aaut
1007 973 1111 1052 τόπον,
1125 980 1148 1037 si
1162 974 1289 1052 ὃῦναοον,

226 1067 454 1142 πνευματικῶς,
467 1058 621 1146 προσέχων
635 1059 707 1141 ἅμα,
724 1059 764 1123 ὅτι
784 1063 821 1123 ἐκ
835 1059 936 1146 tipum
950 1061 1001 1143 μὲν
1014 1063 1191 1138 ἁπαξαπλῶς
1206 1084 1290 1140 μετε-

243 1143 388 1232 μορφώθη,
404 1149 480 1226 μετὰ
500 1144 528 1208 δέ
547 1171 618 1220 τινος
635 1146 797 1230 ἀναγκαίας
810 1147 976 1254 πβοῶἧκης,
991 1145 1021 1222 ἢν
1035 1144 1182 1231 ἀνέγραψε
1197 1149 1288 1208 Ματ-

243 1235 335 1308 θαῖος,
350 1229 398 1310 καὶ
410 1230 540 1317 Μάρκος·
564 1235 640 1295 κατὰ
655 1235 716 1319 γὰρ
736 1236 914 1315 ἀμφοτερους,
930 1229 1130 1316 μετεμορφώθη
1145 1229 1290 1316 {urgebat

243 1316 346 1380 αὐτῶν.
372 1313 418 1394 κο)
432 1319 508 1379 κατοὶ
521 1315 605 1380 τοῦτο’
617 1341 653 1400 γε
673 1317 737 1401 ἔμας
756 1320 866 1380 δυνατὸν
881 1317 947 1380 εἶναι
963 1316 1010 1379 τὸν
1022 1318 1130 1393 Ἰησοῦν
1146 1315 1289 1398 ἔμπροθεν

242 1401 294 1485 μὶν
308 1399 385 1464 roob
398 1407 647 1489 μεταμορφωθῆναο
666 1401 768 1478 ταύτην
787 1405 835 1478 τὴν
854 1401 1078 1487 μπαμὸρφωονν·
1102 1401 1249 1487 {praehet
1263 1401 1290 1462 δὲ

241 1484 352 1571 ἑτέρων,
372 1490 448 1549 κατὰ
468 1487 499 1550 τὸ
521 1488 589 1550 αὐτὸ
613 1495 708 1571 καιροῦ
728 1490 767 1567 μὴ
793 1492 1052 1574 μεταμορφωθῆναι.
1095 1487 1151 1550 De
1175 1496 1290 1549 natura

246 1583 356 1637 autem
372 1572 515 1670 corporis
535 1571 658 1637 Christi
675 1573 708 1637 in
727 1572 814 1637 hunc
833 1573 967 1637 modum
982 1571 1064 1637 adeo
1077 1592 1202 1636 errasse
1217 1569 1290 1635 Ori·

144 1724 147 1729 ,
246 1677 379 1744 genem,
395 1669 432 1720 ut
454 1678 560 1742 ipsum
580 1656 661 1722 illud
679 1657 767 1722 haud
782 1679 892 1722 verum
908 1679 987 1735 esse,
1003 1656 1061 1720 sed
1075 1655 1184 1742 specie
1199 1668 1290 1719 tenus

246 1764 288 1830 ap
312 1763 415 1821 arene,
430 1755 594 1820 statueret,
610 1743 779 1807 adversarii
792 1742 862 1828 ejus
877 1742 1066 1807 calumniari
1080 1741 1168 1806 soliti
1184 1753 1270 1805 sunt.

290 1765 325 1893 ἓ.
339 1842 409 1892 225.
424 1827 445 1891 l.
459 1840 489 1903 7.
513 1829 718 1912 καταφέρω...]
731 1828 849 1892 cavius
862 1828 951 1893 Hist.
964 1827 1032 1891 [ἐν.
1046 1841 1129 1891 tom.
1141 1825 1162 1890 i.
1179 1849 1213 1910 p.
1226 1838 1290 1901 147.

246 1939 275 1978 ν.
293 1915 513 2000 Thagamuta,
536 1926 610 1998 post
632 1927 917 1978 commemoratam
940 1913 1022 1977 hanc
1047 1911 1157 1977 Photii
1180 1932 1291 1975 recen·

246 2001 383 2078 sionem,
395 1999 451 2062 ait.
472 2006 494 2037 “
504 2000 587 2063 Haec
598 1999 730 2084 quidem
744 1999 785 2064 de
796 1998 1009 2085 Theognosto
1017 1996 1154 2084 ejusque
1165 1995 1290 2082 scriptis

232 2091 270 2129 '“
287 2086 434 2163 photius,
450 2083 561 2149 durius
575 2084 683 2148 forsan
704 2107 801 2171 quam
824 2105 881 2170 par
900 2097 980 2162 erat,
994 2105 1032 2147 ea
1053 2082 1289 2167 interpretatus.

247 2172 397 2236 “Potuit
416 2169 548 2257 phrases
569 2169 747 2240 admodum
769 2171 926 2247 incautas,
947 2183 981 2233 et
1000 2167 1077 2232 satis
1096 2166 1289 2253 periculosas

247 2262 270 2316 5⁶
286 2277 451 2343 usurpare,
465 2254 584 2340 pariter
597 2276 634 2318 ac
650 2276 762 2319 omnes
777 2277 870 2341 paene
887 2253 1089 2322 Antenicaeni
1107 2267 1229 2338 patres,
1240 2251 1289 2337 qui

247 2350 321 2406 “-re
346 2340 490 2410 nondum
517 2362 649 2404 excussa
674 2354 707 2403 et
734 2340 843 2406 decisa
869 2340 1074 2426 seripserunt
1128 2337 1230 2402 Certe
1253 2337 1288 2400 de

249 2433 272 2466 “
285 2428 499 2511 Theognosto
522 2440 676 2512 tanquam
698 2425 831 2489 homine
845 2425 936 2490 valde
950 2423 1135 2493 orthodoxo
1149 2421 1288 2508 loquitur

249 2518 272 2552 “
286 2511 495 2590 Athanasius,
510 2525 543 2574 et
557 2534 630 2597 quae
646 2532 738 2575 exeo
753 2510 843 2589 citat,
861 2510 976 2577 Filium
1000 2506 1131 2590 ὁμοέσιον
1150 2528 1223 2571 esse
1244 2506 1286 2569 di-

176 2670 180 2682 ,
248 2603 272 2638 “
288 2611 372 2662 serte
390 2596 539 2682 probant,
554 2598 706 2682 ipsosque
721 2596 858 2660 Arianos
879 2595 949 2682 ejus
969 2592 1156 2662 testimonio
1179 2592 1287 2674 premit

251 2689 273 2721 “
288 2681 538 2768 provocatque.''
584 2681 747 2744 Caeterum
772 2682 902 2744 affertur
924 2678 1135 2766 Theognosttrs
1149 2676 1285 2745 Alexan.

252 2768 360 2832 driaco
380 2767 413 2830 in
428 2765 540 2831 codice
554 2766 693 2852 quodam
710 2768 826 2830 Graeco
842 2764 1046 2833 bibliothecae
1062 2764 1096 2826 S.
1109 2763 1218 2826 Marci
1230 2763 1285 2824 Ve-

252 2854 358 2932 neriis,
374 2866 455 2917 teste
474 2850 618 2937 ejusdem
635 2851 843 2916 bibliothecae
860 2849 1011 2937 Cotologo
1025 2870 1111 2912 anno
1130 2860 1218 2922 1741.
1232 2847 1282 2909 im·

250 2959 373 3024 presso.
415 2938 535 3001 Utrum
557 2959 631 3000 vero
653 2939 694 3000 ab
717 2936 873 3023 excerptis
897 2933 1124 3016 Athanasianis
1144 2938 1220 3019 ῥῆσις
1239 2929 1283 3000 itta

251 3023 390 3103 differat,
405 3022 548 3093 nondum
565 3023 685 3087 rescivi.
