2678 4756
218 285 301 356 ‘as
576 264 940 356 muorarionss

236 482 288 532 me
307 457 448 532 Διονύσιος
460 457 575 545 γράφων
590 464 666 522 κατὰ
678 466 733 523 τῶν
745 464 784 522 τὰ
798 465 836 522 ri
851 457 1001 527 Σαένλλίν
1021 455 1187 546 φρονῦντννν,
1204 480 1275 544 xtr-

241 543 330 624 nita
339 547 481 607 narcissis
495 551 587 608 ταῦτα
601 544 766 626 τολμώντων
778 544 879 628 λέγειν,
892 545 942 608 nal
954 542 1129 625 protrivere.
1153 544 1278 612 ἘΞΗΣ

239 631 260 693 l
280 626 314 690 dr
332 628 440 702 εἰκότως
463 629 522 693 διο.
570 630 658 716 Quod
672 640 776 693 antem
791 630 853 693 Dei
873 629 1002 694 Verbum
1015 651 1070 693 nec
1077 628 1211 714 foetam
1225 648 1278 695 nec

236 722 377 776 creatam
398 714 451 792 sit,
474 714 528 777 sed
545 715 691 798 proprias
713 726 743 778 et
767 714 945 778 indiuiduas
965 714 1074 779 Patris
1094 713 1279 792 snbstantias

228 797 348 882 foetns,
369 809 404 860 nt
427 799 549 884 scripsit
571 810 688 886 magna
715 799 867 885 Syraciisas,
890 823 955 864 ecce
974 799 1147 897 Dionysius
1182 820 1278 886 noque

238 883 347 951 Rornoe
361 883 517 981 episcopas
530 885 662 948 scribens
682 896 788 951 contro
807 884 1008 963 Sabellianos,
1031 883 1080 948 ta
1100 820 1202 949 aeriis
1223 884 1279 947 ad·

238 990 342 1035 verszas
362 968 436 1032 ilios
450 970 516 1033 andi
539 981 633 1034 natur
648 971 703 1057 qai
719 970 800 1033 talia
816 970 933 1034 audent
951 969 1051 1033 dicere
1058 995 1073 1048 ,-
1093 969 1190 1033 JAM
1204 988 1278 1035 vero

239 1076 369 1139 aequum
392 1054 488 1118 fuerit
513 993 573 1120 ἐς.
617 1054 700 1118 Sane
722 1056 789 1119 fere
809 1055 940 1141 indigna
961 1068 1022 1132 est,
1042 1076 1115 1141 quae
1137 1053 1191 1117 hic
1210 1074 1279 1118 me·

236 1150 381 1204 moretur
396 1140 535 1226 suspicio
550 1146 597 1215 τῆς
613 1140 717 1214 νοθείας
737 1141 768 1203 in
784 1141 866 1203 hanc
880 1139 1049 1226 epistolam
1064 1162 1084 1202 a
1099 1139 1278 1203 Guillelmo

237 1224 416 1288 Whistono
432 1248 472 1290 ex
486 1249 546 1291 usu
561 1226 790 1290 vocabulorum
806 1225 884 1311 τρῖας
904 1239 938 1288 et
959 1224 1054 1305 μόνας,
1077 1239 1110 1287 et
1122 1222 1278 1310 ἂχῶριςον,
1320 1276 1323 1285 ,

130 1362 136 1369 .
236 1321 271 1373 et
294 1308 444 1395 ἀδιαίρετον
465 1311 573 1387 ducta,
593 1311 647 1374 cui
666 1313 746 1374 bene
767 1311 921 1395 opposuit
937 1309 1173 1374 Tertullianum
1189 1310 1276 1372 odos.

237 1396 394 1458 Praxean
409 1418 501 1481 capp.
519 1411 549 1459 a.
565 1409 599 1459 et
614 1411 644 1460 8.
660 1410 756 1480 atque
772 1396 960 1480 Origenem,
976 1394 1035 1459 cel.
1053 1393 1233 1459 Hickesius
1246 1394 1278 1457 in

237 1478 430 1543 Narratione
443 1482 480 1544 ds
499 1480 626 1558 Gratia,
643 1492 673 1544 et
688 1480 798 1545 MStis
813 1481 907 1565 Ejus,
926 1479 1065 1566 Anglice
1085 1479 1128 1542 ab
1149 1478 1277 1543 Hicke-

162 1574 191 1586 '‘
239 1564 288 1629 sio
308 1565 501 1649 conscripta,
518 1587 550 1651 p.
565 1581 614 1628 50.
629 1579 662 1628 et
678 1573 727 1642 67.
746 1589 818 1652 quae
859 1566 967 1629 uidem
986 1564 1138 1628 Narratio
1158 1564 1278 1628 Enern·

237 1648 301 1734 ptis
326 1649 531 1714 Ornissionanc
554 1651 601 1714 W
599 1650 712 1714 hittoni
736 1673 755 1714 a
777 1589 900 1714 Grahio
922 1650 1004 1715 datis
1029 1649 1196 1734 praemissa
1220 1661 1279 1713 est.

239 1733 316 1801 Alia
328 1755 425 1819 porro
439 1730 584 1821 exempla
600 1758 676 1799 usus
696 1736 811 1799 harum
828 1758 943 1799 vocum
965 1735 1143 1818 Dionysius
1158 1734 1281 1820 praebet

237 1818 475 1887 Alexandrinus
500 1822 532 1884 in
560 1823 585 1883 F
586 1823 761 1918 regmentis
788 1820 946 1906 Epistola
971 1820 1013 1883 ad
1039 1818 1279 1903 Euphranorem

238 1917 309 1969 tum
334 1905 489 1989 Epistola
514 1906 776 1993 Quadripertita,
796 1906 848 1970 oui
870 1921 977 1970 tamen
999 1904 1170 1990 posteriori
1190 1904 1281 1990 operi

236 2011 311 2055 aare
330 1992 385 2056 sed
402 1991 527 2055 irritum
544 1991 666 2055 bellum
686 1992 793 2055 intulit
815 1990 900 2054 idem
922 2012 1051 2077 quoque
1065 1989 1278 2055 Whistonus.

189 2115 191 2120 ·
237 2075 323 2141 Vide
339 2077 444 2161 Epist.
461 2079 526 2162 ejas
541 2077 582 2140 ad
597 2076 770 2140 Thirtbiarn
785 2101 813 2140 v.
827 2076 869 2139 el.
885 2099 917 2162 p.
930 2094 961 2154 9.

283 2161 317 2225 P.
333 2174 398 2240 179.
416 2161 439 2225 l.
451 2178 481 2226 5.
496 2162 547 2236 τὲς
562 2165 728 2248 διανρὲντας]
746 2161 858 2226 Codex
873 2163 954 2246 Reg.
971 2159 1021 2234 τὲς
1035 2162 1279 2248 καταδνανρέντας.

236 2241 522 2313 Moursnuoou.
567 2248 636 2312 Qui
651 2248 761 2311 deerat
776 2247 809 2310 in
824 2247 915 2311 editis
928 2245 1093 2322 articulus,
1107 2245 1170 2309 fide
1182 2245 1280 2331 hujus

236 2331 358 2395 codicis
374 2333 465 2396 nixus
480 2334 511 2394 in
526 2345 649 2395 textum
665 2333 781 2416 recepi.

281 2416 365 2482 Ibid.
377 2416 398 2480 l.
407 2428 435 2492 7.
449 2420 497 2494 τὴν
509 2417 679 2502 μοναρχίαν]
695 2419 782 2480 Infra
790 2417 889 2481 habet
901 2429 1012 2481 auctor
1025 2416 1085 2479 fine
1097 2415 1169 2500 ipso
1178 2416 1279 2502 Frag·
1320 2439 1323 2443 ·

236 2502 349 2578 menti,
370 2504 401 2564 ri
419 2500 499 2585 ἅγιον
514 2503 644 2587 κήρυγμα
660 2509 706 2578 τῆς
720 2502 886 2588 μοναρχίας.
930 2505 1053 2567 Vocem
1070 2500 1159 2588 Τςίας
1181 2500 1280 2564 etlam

238 2587 359 2651 saeculo
373 2588 516 2670 ecclesiae
532 2587 673 2650 secundo
687 2587 904 2671 Theophilum
921 2586 1164 2651 Antiochorum
1184 2584 1279 2649 adhi-

237 2671 356 2749 buisse,
380 2684 493 2735 notum
517 2685 577 2735 est.
624 2675 665 2735 Et
680 2688 755 2737 ante
768 2672 986 2758 Theophilum
1004 2671 1232 2756 Athenagoras
1247 2671 1280 2734 in

236 2757 409 2843 Legatione
420 2772 477 2841 pro
495 2757 680 2822 Christianis
694 2758 765 2821 haec
780 2758 968 2842 scripserat3
996 2757 1046 2831 Τίς
1062 2754 1093 2818 ὗν
1109 2759 1146 2819 ἐκ
1162 2753 1196 2819 ἂν
1210 2755 1281 2819 oino'·

235 2869 330 2929 ρησαν,
345 2843 478 2927 λεγόντας
497 2845 570 2906 Θεὸν
588 2843 715 2926 πατέρα,
736 2844 827 2927 siclis
842 2846 926 2920 Θεὸν,
946 2844 966 2928 ν]
986 2848 1105 2924 Πνεῦμα
1119 2838 1212 2925 ἅγιον,
1227 2844 1278 2904 δεν-

237 2927 349 3002 κνόντας
373 2932 462 2990 αὐτῶν
476 2929 497 3013 a}
512 2932 560 3005 τὴν
575 2932 602 2990 ἓν
623 2934 656 3013 τῇ
676 2929 844 2992 ἙΝΩΣΕΙ
869 2928 991 3011 δύναμιν,
1013 2928 1035 3012 νζ]
1050 2930 1098 3004 τὴν
1113 2929 1140 2988 ir
1154 2930 1186 3011 τῇ
1202 2926 1278 3004 τόξα

236 3012 459 3091 ΔΙΑΙΡΕΣΙΝ,
476 3013 587 3088 haduae
601 3012 687 3087 teta
700 3013 879 3095 rutupinum
904 3015 934 3095 ᾧ.
950 3027 997 3077 10.
1018 3011 1094 3076 Vld.
1109 3023 1144 3075 et
1160 3011 1277 3074 horum

235 3098 413 3186 gemmam
430 3101 519 3182 §.lh
894 3172 897 3184 Ι
950 3112 954 3118 ’

280 3184 364 3249 Ibid.
380 3184 402 3248 l.
415 3199 444 3248 8.
461 3184 617 3269 ὑποςάσεις]
635 3183 813 3270 Dionysius
829 3197 936 3246 noster
951 3181 1003 3245 hic
1019 3203 1089 3245 cnm
1099 3190 1166 3245 tota
1177 3202 1278 3246 soeca·

237 3269 352 3335 loriam
374 3270 491 3348 schola,
515 3285 551 3334 ut
574 3269 770 3356 Hieronymi
791 3269 833 3331 ad·
852 3270 1030 3332 Damasum
1053 3267 1146 3351 epist.
1156 3289 1189 3330 n.
1206 3279 1278 3332 nt.

235 3357 433 3434 verbialiter,
448 3355 530 3420 nihil
541 3355 632 3419 alind
645 3354 835 3440 hypostasim
849 3353 909 3417 nisi
924 3353 1025 3416 tesiam
1040 3351 1136 3430 novit,
1152 3363 1185 3416 et
1200 3373 1281 3416 cunr

236 3442 371 3505 ecelesia
400 3453 471 3505 tota
502 3441 689 3525 sacrilegam
722 3441 817 3503 trium
845 3439 1094 3502 substantiarum
1118 3435 1277 3522 praedica·
1323 3481 1325 3485 ψ

235 3525 368 3604 nonem,
383 3539 480 3610 prout
494 3526 669 3589 substantia
682 3525 751 3589 voci
765 3546 881 3610 graecae
891 3523 972 3586 oriola
987 3521 1171 3607 respondet,
1186 3544 1275 3587 aver-

236 3624 335 3674 satur.
378 3614 454 3674 Jam
474 3624 544 3674 tum
566 3625 675 3674 tamen
697 3612 727 3672 in
750 3609 895 3687 ecclesia,
915 3608 1029 3672 saltem
1046 3606 1275 3687 Alexandrina,

236 3717 298 3765 usu
315 3688 480 3780 receptum
500 3713 579 3773 erat,
597 3708 637 3759 ut
653 3696 810 3768 ὑποςάσεως
828 3693 1019 3757 vocabulum
1042 3691 1082 3756 ad
1103 3713 1275 3780 personam

236 3779 478 3865 significandam
509 3794 733 3845 assumeretur.
789 3779 827 3843 ld
856 3791 942 3842 certe
968 3777 1132 3863 colligitur
1161 3799 1201 3840 ex
1226 3778 1295 3842 his·

180 3932 182 3939 ,
236 3865 390 3950 Origenis·
408 3865 443 3928 in
464 3866 581 3930 Johan.
599 3878 693 3930 tract.
714 3881 744 3928 2.
766 3866 840 3929 Tres
857 3879 1002 3948 personas
1019 3866 1099 3948 (τρεῖς
1114 3862 1280 3945 ὁποι-ἄνες),

235 3952 365 4015 Patrem
385 3961 415 4015 ot
431 3950 549 4014 Filiam
562 3963 593 4015 et
609 3950 761 4035 Spiritcan
776 3972 838 4014 osse
853 3949 1015 4012 credimus.
1061 3946 1153 4011 Idem
1168 3960 1203 4012 et
1216 3948 1275 4014 lio.

234 4035 297 4107 viii.
314 4050 426 4101 contra
442 4035 585 4115 Celsum,
601 4039 725 4101 Patrem
742 4051 775 4100 et
789 4035 905 4099 Filiam
921 4034 965 4098 his
977 4039 1011 4119 τῇ
1025 4033 1157 4106 hoedos
1169 4032 1275 4120 πρᾶγ·

233 4149 316 4205 ματα
340 4123 487 4187 affirmat.
544 4124 619 4208 Ipse
646 4120 830 4209 Dionysius
851 4118 1026 4184 Alexandr.
1057 4118 1102 4202 (in
1126 4139 1281 4184 sermone

234 4209 302 4295 σνρὶ
314 4207 425 4294 ἐλέγχω
440 4209 463 4296 ‘l
477 4207 633 4295 ἀπολογίας
646 4207 735 4295 apud<
747 4204 851 4274 Basit.
867 4207 918 4278 Mt
933 4205 985 4271 Do
998 4203 1168 4290 Spiritus.
1182 4224 1213 4270 c.
1224 4218 1274 4283 29.
