2678 4756
245 302 312 369 240
515 282 793 353 RELIQUIAE
823 280 1022 351 SACRAE.

93 426 97 435 '
199 436 201 443 '
288 456 389 523 Nunc
403 453 503 542 igitur
517 454 560 521 ie
573 454 737 521 inerrabili
757 454 861 542 gloria
883 454 950 521 nei
971 466 1007 520 a
1027 451 1236 542 ponemus
1249 452 1295 523 ii·

244 564 322 631 deas
344 566 516 632 memorari
527 590 539 647 ς
567 581 686 646 tamem
708 578 745 631 ut
766 586 857 630 mens
880 586 976 651 parva
995 564 1128 652 poterit,
1147 564 1294 635 conabor

245 675 427 742 ostendere.
464 676 513 741 Ut
526 676 635 742 Adam
649 676 742 741 illum
757 697 815 762 per
829 675 1042 762 septimanam
1056 675 1293 757 reformaverit,

243 796 346 872 atque
365 785 518 851 univerae
539 808 607 852 suar
628 801 783 851 creaturae
802 785 984 851 subveniret
1002 786 1077 870 (for.
1095 785 1292 867 subvenerit,

247 894 413 976 When),
436 895 600 961 nativitate
626 895 683 960 filii
706 894 757 961 sui
779 895 858 961 Jesu
880 893 1005 961 Christi
1028 895 1168 961 Domini
1189 896 1314 963 noscit

245 1005 369 1071 factum
390 1017 452 1069 est.
495 1004 578 1092 Quis
604 1004 713 1092 itaque
739 1004 813 1092 lege
839 1004 904 1069 Dei
927 1004 1057 1085 doctus,
1079 1005 1154 1092 quia
1175 1007 1290 1093 plenus

245 1114 370 1201 Spiritu
381 1128 505 1193 sancto,
519 1137 584 1180 non
596 1115 746 1201 respiciat
756 1113 865 1195 corde,
876 1135 916 1179 ea
926 1114 979 1181 die
991 1115 1126 1181 Gabriel
1136 1116 1289 1202 angelum

244 1224 362 1291 Mariae
375 1224 489 1312 virgini
504 1225 750 1311 evangelizasse,
765 1224 896 1312 quadie
911 1224 1010 1291 draco
1025 1227 1126 1291 Evam
1140 1225 1288 1306 seduxit3

243 1354 284 1399 ea
298 1333 351 1399 die
366 1334 521 1420 Spiritum
536 1346 683 1399 sanctum
699 1333 842 1399 Mariam
855 1334 1011 1422 virginem
1029 1334 1218 1416 inundasse,
1229 1355 1289 1423 qus

227 1442 353 1509 ‘lucem
365 1444 443 1509 fecit
452 1468 464 1524 3
487 1464 525 1508 ea
545 1444 598 1509 die
614 1444 648 1508 in
668 1465 765 1508 carne
784 1465 854 1509 esse
871 1465 1074 1524 conversum,
1088 1467 1158 1532 qua
1173 1450 1328 1511 terramlll

243 1565 279 1619 et
291 1576 409 1641 aquam
422 1553 499 1620 fecit
503 1579 514 1636 3
535 1576 573 1619 ea
587 1552 640 1619 die
653 1553 687 1618 in
701 1553 785 1619 lacte
798 1575 870 1618 esse
883 1575 1085 1634 conversum,
1101 1576 1169 1642 qua
1182 1554 1288 1620 stellas

244 1662 343 1744 fecit3
358 1684 397 1729 ea
410 1663 463 1729 die
476 1664 509 1728 in
525 1663 690 1750 sanguine,
703 1685 768 1751 qua
779 1675 863 1728 terra
872 1677 907 1730 et
919 1684 1003 1751 aqua
1014 1664 1114 1729 foetus
1130 1685 1209 1729 suos
1224 1663 1287 1729 edi·

244 1772 378 1856 derunt3
396 1795 435 1840 ea
448 1773 502 1840 die
516 1773 549 1837 in
563 1795 658 1838 carne
673 1795 744 1838 esse
758 1794 961 1854 conversum,
975 1795 1041 1862 qua
1054 1772 1109 1839 die
1123 1773 1287 1838 hominem

244 1881 287 1948 de
302 1881 403 1948 humo
418 1882 570 1949 instruxit
577 1906 588 1963 3
612 1904 652 1948 ea
668 1882 720 1951 die
740 1893 851 1948 natum
867 1904 937 1948 esse
953 1883 1137 1963 Christum,
1151 1902 1221 1970 qua
1232 1880 1286 1947 ho·

242 1994 366 2069 minem
389 1993 498 2074 finxit3
517 1993 631 2059 eadem
655 1994 729 2077 (for.
750 2014 799 2072 es,
816 1991 967 2077 erker.)
984 1991 1038 2058 die
1056 2012 1129 2059 esse
1148 2002 1318 2079 passumtt

244 2086 312 2195 qho
336 2107 411 2192 (for.
428 2128 504 2194 qua,
523 2105 674 2188 Mller.)
696 2105 806 2171 Adam
826 2104 964 2187 cecidit3
987 2128 1027 2172 ea
1046 2105 1102 2171 die·
1119 2103 1286 2171 resurrexit

247 2216 323 2302 (for.
346 2216 565 2302 resurrexisse,
590 2215 740 2299 Walker.)
765 2217 956 2298 amortuis,
979 2238 1045 2304 qua
1069 2217 1181 2283 lucem
1204 2214 1283 2281 fecit.

244 2324 493 2392 Humanitatcm
517 2347 648 2413 quoque
669 2347 761 2392 susm
783 2325 964 2413 septenario
985 2346 1124 2391 numero
1138 2346 1284 2393 consum·

245 2444 325 2513 anat,
340 2435 525 2515 nativitatis,
541 2434 696 2516 infantiae,
710 2435 869 2522 pueritiae,
883 2435 1124 2516 adolescentiae,
1137 2436 1284 2523 juventu·

245 2543 299 2625 tis,
313 2545 464 2630 perfecta
480 2544 594 2625 aetatis,
609 2567 760 2611 occasum
781 2546 854 2630 (for.
870 2567 1016 2625 cccmus,
1035 2544 1203 2629 deer.).
1233 2546 1319 2610 Μ

245 2650 326 2718 dreis
340 2674 471 2740 quoque
485 2653 719 2719 humanitatem
736 2677 828 2720 suam
843 2655 938 2720 etiam
953 2655 1004 2720 his
1018 2653 1126 2721 modis
1140 2652 1284 2733 ostendit,

245 2780 322 2829 cum
343 2763 455 2843 esurit,
475 2763 554 2845 sitit,
575 2764 686 2829 cibum
711 2776 890 2851 potumque
913 2763 1014 2846 dedit,
1035 2787 1112 2830 cum
1133 2763 1283 2842 ambulat,

245 2893 299 2939 eas
314 2893 385 2938 esse
400 2873 462 2938 scit
479 2874 552 2957 (for.
569 2886 601 2938 et
616 2871 776 2954 secessit),
789 2886 885 2937 reum
901 2895 998 2960 super
1011 2872 1205 2939 cervicalem
1219 2872 1284 2954 (for.

244 2981 393 3067 cervical)
405 2982 573 3063 dormivit3
588 3006 663 3050 cum
679 2996 789 3049 autem
804 2985 885 3049 freta
899 2997 956 3050 aut
970 2985 1114 3073 procella
1129 2986 1206 3070 (for.
1217 3003 1285 3071 pro·

245 3090 378 3170 cellosa,
404 3090 502 3156 delato
530 3095 599 3174 aut)
632 3093 769 3180 pedibus
794 3092 984 3180 ingreditur,
1009 3093 1112 3158 ventis
1141 3091 1318 3180 imperant}

246 3223 353 3287 aegros
367 3213 471 3283 curat,
487 3214 520 3266 et
534 3200 668 3267 claudos
682 3202 849 3282 reformat,
864 3223 969 3268 caecos
989 3201 1180 3289 eloquentia
1199 3198 1284 3267 insti·
1307 3270 1312 3277 ,

244 3310 310 3377 tuit
334 3312 408 3395 (for.
430 3311 559 3393 excidit,
583 3310 697 3376 surdos
720 3310 798 3376 facit
821 3311 943 3391 audire,
967 3323 1001 3376 et
1026 3323 1178 3378 mortuos
1200 3306 1286 3375 reati·

245 3419 336 3504 tuit),
351 3420 457 3486 videte
472 3421 652 3487 Dominum
667 3442 701 3485 se
716 3442 787 3486 esse
801 3420 940 3486 nuntiari
953 3420 1101 3508 ejusdem
1115 3421 1193 3504 (for.
1208 3438 1284 3483 nnn·

244 3529 324 3594 tiare
338 3529 488 3611 eisdem).
527 3550 530 3555 ·

286 3637 496 3703 Duodenario
515 3659 650 3704 numero
666 3637 773 3703 dicere
792 3639 865 3722 (for.
882 3638 963 3721 dies)
981 3649 1019 3705 ut
1042 3658 1141 3724 supra
1162 3646 1320 3705 memo-8⁰

245 3745 323 3826 ravi,
338 3767 397 3833 per
411 3747 578 3814 duodenas
600 3749 696 3813 horas
715 3747 829 3814 bifarie
849 3747 968 3813 divisus
983 3760 1033 3812 est
1054 3746 1139 3813 lucis
1160 3760 1195 3812 et
1214 3768 1287 3812 noc·

244 3856 298 3935 tis,
312 3875 369 3942 per
390 3856 449 3921 has
470 3879 609 3945 namque
631 3858 729 3924 horas
752 3879 879 3922 menses
898 3870 932 3923 et
954 3858 1028 3923 anni
1043 3868 1076 3922 et
1096 3863 1287 3945 temporaet

246 3966 365 4033 saecula
377 3979 617 4055 computantur.
662 3966 850 4033 Constituta
866 3968 940 4052 (for.
953 3966 1123 4034 constituti
1136 3963 1283 4047 Mller.)

665 4219 675 4245 ¹
694 4215 773 4264 Marc.
785 4215 867 4264 inas
904 4227 911 4241 ·
