2678 4756
242 288 308 367 370
579 275 940 347 ANNOTATIONES

243 448 377 518 artavit
388 449 562 516 Justiniuni
576 453 656 537 Imp.
671 451 714 516 ed
726 452 879 520 Menaeni
893 445 1053 534 Epistola,
1067 445 1103 513 in
1123 467 1201 536 qua·
1210 445 1282 535 quia

242 535 317 603 dem
332 536 469 623 epistole
484 535 697 624 Origenianus
710 536 751 601 de
771 534 1006 623 praeexistentia
1026 533 1213 600 ammarum
1231 554 1282 599 res

242 620 366 689 fatetur
380 644 480 687 error.
509 684 511 688 .

288 708 324 772 Ρ.
339 720 409 772 348.
425 708 488 772 l.2.
511 708 704 773 Tunicerum
729 720 926 783 scorteerum
951 705 1153 792 aliarumque
1175 726 1281 771 rerum

243 792 441 881 quarundam
466 795 497 857 in
521 793 669 859 Paradiso
694 794 766 878 &e.]
793 793 978 858 Secundum
1003 791 1106 870 iliam,
1130 813 1206 878 quse
1230 790 1282 855 hio

241 894 449 956 memoratur,
470 879 676 965 allegoricam
697 879 780 943 inter
803 880 1005 954 mationem,
1024 878 1151 942 tunicas
1174 875 1207 939 in
1230 897 1283 962 pa·

240 964 346 1031 radiso
365 964 517 1063 pelliceas
538 986 673 1051 corpore
694 901 872 1050 signiicare
893 963 1060 1028 hominurn
1083 974 1201 1026 notum
1223 972 1280 1027 est.

239 1050 308 1139 Qui
323 1072 408 1114 emm
426 1051 535 1115 omnia
549 1051 602 1115 illa
617 1049 658 1114 de
696 1049 784 1114 rimis
800 1049 932 1117 humani
945 1049 1073 1136 generis
1095 1047 1281 1131 parentibus

240 1157 261 1199 e
280 1136 377 1202 Mose
397 1135 515 1200 tradita
531 1134 626 1200 traxit
645 1072 695 1199 ad
707 1135 877 1222 mysticam
899 1137 1052 1200 rationem
1070 1133 1128 1197 Ori
1177 1133 1280 1212 nes,is

239 1220 341 1287 literis
356 1221 517 1286 mandevit
530 1221 626 1285 etiam
648 1233 717 1284 tum
737 1221 901 1308 antiquam
922 1221 1104 1285 tunicarum
1148 1240 1210 1282 nne
1229 1239 1280 1282 ex·

239 1306 446 1392 positionem.
490 1307 543 1371 De
561 1305 610 1370 his
633 1321 740 1370 autem
761 1307 858 1371 rebus
872 1307 1021 1371 omuibus
1036 1303 1194 1369 consulas
1207 1303 1282 1368 doc·

240 1392 402 1457 tissimum
427 1391 585 1456 Huetium
604 1393 636 1455 in
663 1390 861 1479 origenianis
884 1393 940 1456 lib.
956 1391 989 1455 ii.
1007 1402 1126 1477 quaest.
1140 1389 1197 1453 xii.
1213 1391 1281 1472 §.ts

240 1497 275 1563 p.
292 1484 358 1554 167.
385 1478 524 1542 Tantum
542 1478 672 1555 notabo,
689 1477 836 1543 similiter
850 1478 1093 1563 interpretatum
1109 1474 1278 1545 Tertullia-

200 1582 203 1587 ·
241 1583 321 1627 num
337 1563 434 1627 fuisse
449 1563 561 1627 Jecobi
578 1562 619 1626 de
636 1561 768 1628 Christo
784 1562 998 1648 prophetiam,
1012 1559 1154 1629 muniit
1170 1558 1278 1627 invias

242 1647 355 1711 stolum
371 1669 458 1711 suem
479 1658 509 1711 et
527 1646 560 1711 in
580 1647 731 1734 sanguine
749 1671 822 1713 aare
841 1649 990 1714 amictum
1003 1669 1109 1727 saum,
1122 1647 1160 1711 in
1175 1644 1232 1709 lib.
1243 1645 1277 1710 ir.

244 1731 315 1797 adv.
333 1732 487 1797 Marcion.
504 1754 532 1796 c.
544 1746 594 1798 40.
610 1734 755 1813 Lavabit,
774 1733 891 1820 inquit,
905 1734 937 1798 in
957 1733 1028 1797 vino
1046 1734 1109 1797 ito.
1125 1728 1278 1797 stolumet

244 1818 391 1883 amictam
414 1840 537 1882 curnem
556 1819 823 1899 demonstrasset
843 1819 949 1884 ninum
966 1840 1022 1884 sun
1046 1817 1167 1882 aierem.
1212 1815 1279 1881 Ce-

243 1916 350 1969 terum
365 1903 451 1969 istud
469 1902 664 1969 monendum
681 1919 741 1984 est,
758 1905 1004 1990 Procopianum·
1032 1901 1280 1981 atramentarium,

242 1990 329 2055 unde
344 1989 415 2055 haec
434 1989 467 2054 in
487 2002 611 2054 textum
628 1990 793 2076 descripsi,
809 1990 842 2054 in
858 1989 1168 2071 Octuteaciranr,seu
1182 1988 1278 2075 potius

245 2074 507 2162 Heptateuchum,
533 2076 647 2139 Latine
670 2076 897 2142 tantummodo
917 2089 1036 2154 extare,
1058 2074 1180 2161 Tiguri
1203 2087 1278 2139 root.

245 2159 400 2228 Conrado
424 2161 560 2226 Clusero
583 2160 755 2247 interprete
777 2183 944 2244 excusum.
972 2161 1074 2225 Cous.
1090 2160 1188 2227 Curii
1201 2159 1284 2224 Hist..

245 2244 313 2311 Lit.
329 2260 410 2311 torn.
424 2246 446 2310 i.
462 2268 494 2333 p.
506 2258 575 2310 504.
590 2259 624 2310 et
638 2261 707 2311 505.
741 2246 806 2311 Sed
821 2260 928 2312 tamen
942 2246 1029 2312 haud
1044 2246 1182 2315 inveniri
1195 2266 1280 2333 poste

244 2330 379 2397 dixerim
394 2330 591 2418 Procopiana
604 2331 693 2396 istaeo
708 2331 742 2396 in
759 2332 876 2397 Catone
891 2332 924 2396 in
940 2331 1181 2414 Octeteactram,
1191 2353 1283 2419 quam

243 2413 279 2482 in
299 2417 427 2483 duobus
451 2416 566 2566 amplis
588 2415 804 2484 voluminibus
825 2417 926 2483 edidit
946 2416 1065 2504 Lipsiae
1087 2439 1178 2484 anno
1202 2429 1286 2494 1772.-

244 2501 380 2567 Graecus
396 2523 511 2566 monae
536 2526 574 2566 us
589 2501 807 2588 Nicephorus,
825 2504 880 2588 qui
896 2504 1002 2588 operis
1020 2503 1218 2590 Procopiani
1230 2524 1279 2568 co·

245 2584 318 2651 dice
333 2589 450 2651 Graeco
465 2588 565 2652 MSto
580 2588 613 2652 in
628 2588 764 2653 texenda
781 2589 904 2653 Catena
917 2610 1011 2653 usum
1027 2611 1063 2657 se
1078 2602 1218 2656 testatus
1228 2601 1280 2653 est.

289 2671 373 2736 Ibid.
388 2673 411 2736 l.
425 2691 455 2750 9.
479 2673 687 2759 Ephremius]
707 2674 746 2737 In
769 2675 875 2761 priore
897 2673 1006 2738 saeculi
1025 2675 1109 2739 sexti
1123 2689 1215 2762 parte
1228 2674 1283 2738 fio«

246 2757 311 2822 ruit
325 2756 377 2822 hic
393 2756 540 2842 scriptor.
563 2759 662 2823 Cons.
680 2759 771 2824 Cavii
785 2759 873 2824 Hist.
889 2759 956 2822 Lit.
971 2760 1034 2823 vol.
1048 2761 1071 2823 i.

290 2842 375 2908 Ibid.
397 2843 419 2907 1.
434 2856 485 2907 as.
509 2845 732 2931 episcoporum
760 2861 794 2910 et
817 2859 997 2932 martyrum
1021 2845 1175 2930 epistola]
1203 2845 1282 2910 Cum

246 2927 287 2994 de
304 2928 377 3008 ista,
392 2940 462 2993 tum
481 2928 521 2992 de
543 2929 603 2994 hac
627 2930 710 2994 Petri
729 2930 876 3016 epistola,
896 2929 937 2993 ad
957 2931 991 2999 S.
1005 2931 1170 2996 Perustae
1187 2933 1281 3017 Frag-

244 3027 356 3079 menta
368 3036 446 3080 mox
460 3014 594 3081 dicetur.
623 3015 785 3080 Caeterum
802 3029 972 3101 postquam
987 3015 1134 3083 adducta
1147 3031 1197 3082 est
1211 3017 1282 3103 Epi·

245 3122 421 3187 scoporum
438 3099 596 3187 Epistola,
612 3100 720 3186 posuit
735 3103 843 3166 statim
862 3115 937 3165 ante
960 3102 1044 3166 Petri
1065 3101 1177 3167 literas
1196 3103 1284 3166 rerba

245 3186 413 3272 sequentia
432 3199 545 3251 auctor
560 3186 586 3249 F
588 3187 746 3271 ragmenti
763 3186 915 3250 Maffeani
929 3186 970 3250 de
984 3186 1169 3251 Schismate
1183 3188 1282 3252 Mele·

244 3272 419 3351 tienorum,
435 3270 498 3335 His
510 3270 640 3359 agnitis,
657 3271 698 3335 B.
712 3274 826 3336 Petras
846 3294 915 3335 eam
933 3270 1035 3336 matta
1051 3272 1214 3357 patientia
1230 3288 1284 3358 po·

241 3356 317 3440 pulo
337 3356 462 3442 scripsit
476 3356 692 3422 Alenurrdrirro
713 3355 876 3442 epistolam
898 3356 953 3422 troc
972 3357 1085 3423 modo.-
1118 3358 1289 3424 PETRUS.

244 3442 278 3506 in
295 3441 355 3506 fide
369 3442 433 3507 Dei
448 3441 607 3521 stabilitis,
624 3443 684 3507 &c
865 3500 869 3508 .

287 3528 402 3592 Nune
422 3528 565 3614 sequitur
584 3526 673 3592 aliud
694 3526 857 3615 quoddam
880 3528 1127 3614 Fragmentum,
1143 3529 1198 3595 hie
1215 3550 1284 3594 vero

243 3631 264 3676 a
280 3631 334 3675 me
348 3612 390 3676 ad
408 3627 513 3692 notas,
529 3613 679 3701 quoniam
695 3612 764 3677 sola
777 3614 969 3678 auctoritate
986 3615 1188 3681 scholiorum
1205 3636 1284 3704 quo-

243 3696 379 3762 rundam
401 3697 509 3762 nixum
532 3712 591 3779 est,
605 3698 796 3784 relegatum,
815 3721 854 3762 ne
874 3700 969 3763 certis
990 3699 1100 3776 minus
1123 3715 1214 3767 certa
1231 3700 1284 3766 ed·

242 3781 423 3847 miscerem.
467 3785 516 3848 Ex
534 3784 616 3849 libro
637 3784 669 3848 S.
684 3783 774 3848 Petri
789 3783 999 3850 Alexandrini
1014 3786 1053 3850 de
1068 3785 1291 3871 mosphetaim·

241 3880 340 3954 prout
363 3888 397 3931 se
422 3867 483 3933 fert
506 3869 629 3949 titulus,
655 3869 770 3934 desum
794 3882 863 3934 tum
890 3882 951 3947 est,
975 3883 1009 3934 et
1031 3870 1064 3935 in
1091 3894 1171 3937 usus
1198 3892 1283 3937 meos

137 4003 146 4029 ,
242 3976 283 4017 ex
309 3952 423 4017 codice
448 3953 504 4018 illo
528 3955 734 4020 bibliothecae
788 3954 973 4025 oislinianae,
989 3962 1059 4021 268.
1088 3957 1283 4045 descriptum

242 4040 314 4116 fuit,
329 4038 385 4186 pui
400 4039 481 4103 inter
496 4039 558 4103 alia
572 4040 738 4126 opuscula,
751 4053 832 4104 teste
849 4041 1101 4107 Montfauconio
1116 4043 1159 4106 ed
1174 4055 1280 4128 pala.

246 4127 326 4191 Catu
342 4123 403 4210 ogi,
413 4125 521 4224 ‘Issaei
537 4125 611 4210 Syri
624 4127 811 4225 continebat
826 4125 995 4225 Sermoaes,
1011 4127 1108 4227 cujus
1128 4126 1280 4214 margini·

243 4211 305 4276 bus
319 4208 480 4308 adscrrpte
493 4211 623 4278 fuerunt
637 4210 769 4303 Scholia
788 4233 828 4277 ex
849 4211 960 4280 mulos
980 4213 1139 4302 patribus,
1153 4232 1285 4280 eorum·-
