2678 4756
227 283 291 335 120
363 302 386 341 ,·
487 332 492 341 ,
566 261 928 331 ANNorATIONES

228 434 510 521 cardamomum,
526 432 616 498 illum
629 449 685 518 per
701 433 837 499 ludibrio
851 435 1017 501 nutritum.
1057 437 1194 523 Propter
1206 460 1276 515 erem

228 523 394 601 descendit,
417 531 542 606 propter
568 543 637 585 enrn
659 521 857 606 proedicevit.
903 522 951 585 Tu
977 521 1046 587 lroec
1068 523 1277 599 erubescenda

228 606 281 671 illi
292 607 382 694 facis
404 630 477 693 qnae
499 606 658 670 redemit?
689 608 735 672 Tre
758 605 945 673 exhorrescis
966 606 1001 671 in
1022 607 1148 693 infante
1168 632 1274 677 reeen-

229 703 276 758 tes
302 693 402 758 adine
421 691 484 757 Dei
507 695 647 757 manns?
686 693 812 756 Nature
834 694 1008 758 vernando
1031 704 1090 771 est,
1112 717 1177 758 non
1200 718 1273 761 eru-

229 777 385 843 bescendo.
431 781 513 841 Haec
534 778 653 863 Rigalt.
677 779 779 842 Totus
803 777 856 842 hic
877 792 1048 863 apparatus
1069 801 1112 842 ex
1133 780 1274 847 Etlrnicu

227 865 453 950 superstitione
470 863 627 947 originem
645 863 770 933 sumsit.
816 865 1005 929 Macrobius
1017 863 1074 929 lib.
1091 866 1282 954 I.cap.16.,

227 949 303 1026 Est,
319 950 434 1036 inquit,
450 948 633 1012 Nundinnm
656 949 863 1012 Romanorum
883 950 965 1028 Deo,
986 973 1006 1014 a
1026 972 1107 1014 nono
1127 950 1181 1019 die
1201 972 1284 1021 rrae.

228 1035 363 1099 centium
385 1045 562 1132 nnncnpotu
586 1033 640 1120 qni
666 1033 811 1098 instricns
832 1034 958 1100 dicitnr.
995 1036 1058 1101 Est
1078 1047 1187 1102 autem
1209 1037 1274 1103 dies

227 1119 373 1185 lustricus
393 1142 453 1207 qno
478 1119 616 1204 cessantes
639 1119 814 1183 lustrantur
838 1131 869 1183 et
894 1144 1003 1186 reomen
1027 1120 1199 1206 occipiunt,
1220 1123 1274 1188 sed

227 1205 255 1270 is
274 1206 411 1270 moribus
426 1229 534 1284 nonno,
549 1217 675 1270 octavus
690 1217 735 1269 est
744 1205 891 1291 feminis.
934 1207 1024 1272 Dato
1046 1207 1187 1273 infantes
1207 1231 1272 1274 non

227 1294 267 1358 ad
291 1293 437 1356 osculum
458 1291 674 1356 admittendos
698 1304 772 1355 ante
793 1290 879 1356 diem
900 1307 1061 1370 octavum,
1078 1294 1272 1380 sequebatur

226 1379 341 1464 utique
364 1400 428 1441 non
451 1376 681 1463 baptizandos3
706 1376 843 1462 quilibet
864 1379 949 1442 enim
975 1377 1193 1458 Christianus,
1207 1381 1271 1445 fra·

226 1465 385 1530 ternitatis
396 1463 470 1548 jure
485 1462 526 1526 ad
541 1463 628 1547 pacis
644 1462 789 1526 osculum
807 1462 976 1526 admissus.
1000 1465 1165 1529 Faunus

272 1551 305 1614 Ρ.
319 1555 369 1624 76.
386 1551 407 1612 1.
424 1563 469 1612 10.
493 1560 726 1612 sacramentum
743 1550 805 1632 est]
825 1549 944 1612 Pariter
957 1547 1054 1636 hujus
1069 1550 1139 1636 typi
1157 1549 1268 1614 memi-

227 1635 275 1698 nit
290 1634 335 1697 D.
350 1633 555 1719 Augustinus
570 1647 683 1698 contra
699 1634 852 1696 Faustum
868 1633 1014 1698 Manich.
1030 1635 1087 1699 lib.
1101 1635 1164 1699 xvi.
1180 1657 1208 1699 c.
1219 1650 1270 1714 29.

227 1720 332 1787 Tertio
358 1718 407 1784 die
434 1741 595 1806 resurgens
621 1741 710 1806 quem
737 1717 924 1782 dominicum
952 1719 1093 1798 dicimus,
1120 1719 1178 1806 qni
1200 1731 1271 1805 post

226 1805 389 1870 salictam
411 1816 591 1869 numeratur
613 1815 747 1882 octavas,
768 1803 863 1867 etiem
887 1804 1147 1871 circumcisionem
1170 1805 1271 1871 octavi

227 1885 290 1956 diei
320 1891 361 1954 ad
390 1914 421 1954 se
453 1890 699 1975 prophetandam
724 1889 880 1974 pertinere
907 1889 1056 1956 declaret.
1101 1893 1147 1956 Et
1172 1891 1270 1989 paulo

133 2034 135 2039 .
225 1993 313 2076 post.
353 1977 435 2062 Quia
459 1977 520 2040 iste
543 1975 722 2040 resurrectio
739 1998 813 2061 qnae
827 1975 943 2039 credito
963 1987 1009 2041 est
1028 1999 1082 2041 nos
1095 1976 1271 2063 ‚insipient

225 2062 285 2128 tila
300 2074 418 2128 ocravae
432 2062 493 2127 diei
507 2061 733 2126 circumcisione
736 2060 884 2147 figurato
898 2072 954 2126 est.
978 2065 1140 2128 Fessus

270 2149 353 2213 lbid.
369 2149 392 2213 l.
410 2164 456 2212 12.
480 2149 610 2212 veritate
624 2146 838 2232 completum]
853 2147 995 2234 Quidam
1010 2148 1084 2211 libri
1099 2146 1224 2214 veteres
1238 2161 1270 2214 et

225 2235 326 2300 editio
342 2233 485 2298 morellii
500 2234 619 2296 habent
632 2233 665 2296 in
679 2232 820 2298 veritate.
865 2234 963 2330 Quod
982 2248 1090 2319 potest
1108 2255 1180 2299 esse
1201 2257 1278 2311 me<

223 2321 297 2387 lius.
320 2321 532 2383 anuzrus.
554 2318 651 2382 Adde
664 2318 827 2383 editionem
840 2318 1023 2403 principem.

270 2404 456 2481 Ibid.l.15.
479 2420 554 2489 post
570 2404 737 2467 sabbatum
754 2403 878 2491 primus
899 2417 931 2467 ct
952 2404 1149 2491 dominicus]
1168 2406 1271 2493 Mag·

226 2514 303 2557 num
319 2504 394 2554 ante
409 2489 469 2552 hos
484 2491 641 2553 ducentos
657 2511 756 2553 annos
771 2489 892 2552 bellum
912 2511 986 2553 cum
1009 2492 1152 2555 maxima
1167 2492 1270 2556 utriu-

226 2599 290 2664 que
310 2575 483 2639 acerbitate
506 2590 635 2660 gestum
658 2591 691 2640 et
710 2587 890 2660 pugnatum
912 2588 961 2639 est
980 2576 1062 2639 inter
1078 2577 1216 2642 Paulum
1230 2578 1270 2642 de

224 2662 475 2746 Middelburgo,
489 2661 544 2748 qui
561 2674 674 2746 postea
693 2662 755 2724 fuit
776 2660 946 2745 episcopus
962 2663 986 2723 F
988 2665 1269 2748 orosempronien-

224 2748 279 2827 sis,
297 2749 424 2812 Petrum
449 2747 489 2809 de
503 2747 592 2832 ¹ltivo
614 2767 710 2809 sacrae
732 2747 858 2831 paginae
873 2747 1087 2829 professorem
1104 2748 1137 2811 in
1154 2749 1270 2813 acade-

225 2836 291 2898 mia
306 2832 508 2909 Lovaniensi,
523 2847 556 2895 et
572 2832 733 2894 Thomam
753 2831 867 2908 Bazin,
881 2832 1068 2918 episcopum
1089 2835 1270 2914 Lexovien·

224 2941 294 2984 sem
316 2935 348 2981 et
369 2918 442 2980 dein
464 2917 570 2981 archie
595 2917 739 3002 iscopum
764 2915 1007 2996 Caesariensem,
1022 2940 1061 2980 an
1083 2918 1137 2982 die
1156 2936 1271 2985 octava

225 3005 364 3080 sabbati,
378 3003 411 3066 id
427 3017 476 3066 est
491 3003 543 3066 die
560 2939 733 3079 iminica,
748 3002 896 3066 Christus
914 3004 1147 3068 resurrexisset.
1170 3006 1269 3069 Trac-

223 3105 311 3156 tatus
335 3090 418 3154 Petri
434 3088 474 3151 de
490 3088 569 3151 Riro
585 3087 690 3153 editus
705 3088 766 3150 fuit
783 3109 867 3151 anno
885 3100 971 3164 1492.
988 3088 1019 3151 in
1035 3090 1114 3152 urbe
1130 3091 1269 3153 Lovani·

223 3177 303 3255 ensi,
326 3188 360 3239 et
387 3174 476 3239 Pauli
498 3173 648 3238 adversus
675 3174 802 3236 Petrum
830 3173 863 3234 in
884 3172 966 3235 libro
992 3187 1081 3237 sexto
1106 3175 1147 3237 de
1170 3176 1270 3239 Recta

224 3263 355 3328 Paschae
373 3259 609 3326 Celebratione.
654 3258 869 3322 attractatus
885 3257 1022 3320 Thomae
1038 3259 1188 3323 nondum
1203 3261 1270 3324 edi-

222 3362 277 3414 tus
305 3346 441 3411 habetur
468 3346 500 3409 in
524 3343 723 3408 bibliotheca
747 3343 847 3429 regia.
875 3343 1088 3408 Banuzrus.
1133 3344 1269 3429 ¹Videsis

223 3457 297 3522 quae
313 3434 352 3496 de
368 3445 515 3517 tempore
531 3429 714 3495 Dominicae
730 3428 969 3492 resurrectionis
986 3429 1039 3492 alii
1054 3429 1155 3507 aliter¹
1165 3444 1268 3497 stetu·

224 3534 326 3588 crunt,
339 3519 369 3580 in
388 3519 579 3581 Droursrr
601 3514 722 3599 Ausx.
738 3514 846 3598 Epist.
864 3514 905 3578 ed
920 3513 1093 3578 Basiliden
1113 3538 1217 3602 supra
1229 3515 1274 3597 nd¹

222 3626 300 3693 pag.
312 3617 382 3667 385.
399 3603 459 3666 tre.
474 3601 537 3665 vol.
551 3599 584 3665 ii.

278 3688 361 3752 Ibid.
393 3687 414 3750 l.
441 3701 488 3750 18.
520 3687 654 3771 Propter
683 3683 771 3772 qnod
797 3683 873 3768 bec]
903 3684 1013 3748 Refert
1042 3684 1129 3749 hunc
1156 3686 1268 3751 locum

224 3788 355 3841 sanctus
369 3771 574 3857 Augustinus
598 3792 747 3834 sermone
760 3783 829 3848 294.
846 3791 921 3854 pag.
939 3785 1027 3848 1193.
1042 3793 1133 3834 novae
1148 3771 1278 3841 editi0-.

224 3862 285 3927 nis.
307 3861 518 3924 Bssuzrus.
565 3857 615 3920 Ibi
638 3858 671 3919 S.
688 3854 902 3941 Augustinus,
925 3855 973 3919 vel
997 3855 1078 3920 alius
1101 3857 1188 3941 quie,
1210 3857 1269 3923 ad-

224 3946 317 4012 duxit
341 3944 462 4021 locum,
486 3942 555 4006 haec
581 3941 712 4028 quidem
737 3941 908 4026 prael'atus:
938 3941 1070 4007 Sonctns
1091 3941 1269 4028 Cyprianus

223 4044 281 4111 est,
296 4053 386 4118 quern
407 4029 440 4093 in
459 4051 569 4092 manns
589 4026 716 4111 sumpsi,
731 4026 880 4112 antiquus
899 4028 1056 4112 episcopus
1077 4027 1159 4091 sedis
1177 4028 1270 4115 nepus

225 4116 443 4209 quidsenserit
463 4114 501 4179 de
520 4113 670 4199 baptismo
691 4111 904 4197 porvulorum,
920 4112 979 4177 imo
995 4112 1072 4200 qnid
1086 4128 1206 4200 semper
1219 4135 1278 4199 ec·¹

225 4204 350 4271 clesicm
363 4200 490 4269 sensisse
505 4197 734 4285 monstraverit,
742 4196 911 4301 paululum
925 4199 1067 4288 accipite.
1097 4278 1109 4287 ‚y
