2678 4756
274 301 327 368 tu
349 300 382 366 s.
405 294 624 367 couuuou
649 296 948 365 FRAGMENTA.
1088 312 1132 386 45

90 491 175 550 rum,
189 469 246 535 sed
262 468 421 535 Francisci
441 467 610 555 Bosqoeti,
626 466 682 555 qui
697 489 767 531 eam
776 466 923 616 primum
939 466 1075 553 protulit
1095 467 1134 532 li·-

91 558 151 621 bro
179 557 286 641 primo
314 553 513 620 historiarum
540 552 693 617 Ecclesiae
724 553 776 618 Go
790 553 914 618 iicouoe.
967 552 1132 618 Caeterum

92 654 184 706 notat
213 640 254 719 ad
281 641 458 705 Eusebium
488 638 650 703 Strothius
676 637 854 719 θλεςομέναες
879 658 938 724 pro
963 635 1134 714 θλεὸομένοις

134 747 260 811 speram
288 725 440 789 exhibere
470 723 600 788 Gruteri
628 736 661 787 et
692 721 864 788 Castelloni
893 722 1004 787 codicis
1030 722 1135 789 Lecti.

129 811 205 875 abet
221 809 374 898 Georgius
389 808 526 896 Synceii.
544 806 760 889 συνθλιὸομέεας
773 830 832 894 pro
846 809 896 873 riu
908 806 1092 889 θλιὸομὲνοις.

137 897 171 960 Ρ.
185 909 234 959 to.
250 895 271 958 1.
283 908 314 972 7.
336 891 379 970 οὓς
394 895 523 977 πάντας]
540 895 690 959 Verterat
713 893 957 978 christophore.
983 894 1080 957 Nemo
1102 892 1136 957 in

92 990 186 1044 touta
203 979 418 1051 ministrorum
440 978 652 1043 otoititudioe.
664 1024 693 1042 ..
710 1001 798 1043 nomo
817 1001 858 1042 ec
876 989 964 1043 tanto
979 977 1136 1065 egentium

91 1086 221 1129 rntmero
243 1064 307 1128 Dei
330 1064 528 1149 providentio
559 1064 624 1128 locu
647 1063 783 1128 letoio..
802 1111 809 1126 .
833 1085 921 1127 nemo
945 1063 1077 1150 denique
1097 1085 1139 1127 eo:

90 1150 235 1214 mamona
248 1149 308 1214 ilio
321 1147 588 1214 et'iouumerobili
624 1148 795 1234 sequentia.
839 1151 915 1235 Qua
931 1148 962 1211 in
982 1149 1137 1232 interpre-

92 1233 217 1299 tatione
237 1234 322 1299 istud
344 1257 409 1299 non
430 1234 547 1320 placet,
562 1233 650 1321 quod
666 1247 782 1332 praeter
796 1232 904 1297 Graeci
920 1247 1027 1296 textus
1040 1233 1138 1297 fidem

91 1319 142 1399 sie
163 1319 327 1385 ministros
349 1320 493 1384 eccletiae
515 1319 557 1384 ab
581 1341 691 1404 egenis
714 1317 870 1397 distinxit,
891 1319 982 1404 quasi
1004 1340 1069 1380 non
1091 1317 1138 1383 illi

94 1403 227 1489 perinde
248 1419 345 1492 atque
368 1404 401 1469 hi
423 1404 537 1468 divinae
583 1403 767 1468 rovidentiae
789 1403 905 1467 divitiis
921 1417 1138 1466 sustentaren-

93 1503 160 1553 tur.
196 1488 296 1554 Certe
312 1489 446 1554 Rufinus
460 1490 548 1553 hunc
560 1426 672 1553 locum
689 1488 781 1552 aliter
797 1488 965 1567 intellexit,
980 1487 1138 1573 siquidem

93 1573 139 1637 de
153 1575 360 1661 presbyteris,
373 1574 516 1646 diaconis
527 1574 706 1659 ceterisque
720 1572 844 1638 clericis
858 1595 921 1636 non
936 1595 1028 1636 secus
1042 1585 1139 1667 atque

94 1657 138 1722 de
155 1658 256 1723 viduis
271 1675 304 1724 et
319 1659 537 1758 indigentibus
552 1657 642 1736 dicit,
656 1659 739 1744 Quos
752 1680 855 1723 omues
869 1660 956 1722 Deus
969 1655 1029 1721 olit
1044 1657 1076 1720 in
1090 1679 1140 1721 ec·

19 1800 24 1809 .
94 1741 191 1807 closis
205 1765 273 1808 soto.
317 1744 460 1808 Subinde
481 1743 690 1808 ecclesiarum
715 1758 887 1829 proventus
910 1743 955 1807 sic
977 1741 1141 1807 distributi

94 1829 220 1892 suntin
235 1842 374 1914 quatuor
388 1842 504 1914 partes,
518 1842 553 1892 ut
568 1849 632 1892 una
646 1850 718 1913 pars
730 1828 895 1915 episcopo,
906 1829 1006 1892 altera
1017 1827 1139 1893 clericis

94 1913 225 1989 ceteris,
237 1915 332 1979 tertia
346 1913 467 1998 egenis,
478 1927 592 2000 quarta
602 1913 733 1979 'fabricis
746 1914 887 1977 cederet.
909 1915 1032 1977 Verum
1047 1923 1140 1976 antea

95 1998 226 2063 etiamsi
245 2019 303 2084 por
324 2020 389 2061 non
412 2014 481 2062 eret
502 2020 614 2063 eorum
638 1997 763 2076 divisio,
779 1999 811 2062 in
833 1998 912 2061 alios
933 2011 1042 2060 tamen
1064 2018 1142 2062 usos

96 2104 303 2169 nequaquam
326 2083 607 2168 impendebantur.
631 2083 856 2147 Cousrsur.
900 2081 1000 2181 Quod
1022 2080 1063 2144 od
1086 2102 1141 2145 vo-

97 2188 172 2232 cem
193 2169 281 2255 χάρις
307 2169 434 2246 attinet,
459 2191 533 2254 quse
558 2169 667 2234 statim
690 2168 843 2254 sequitur,
865 2167 1008 2230 imitatus
1030 2177 1143 2230 auctor

97 2265 151 2316 est
165 2250 200 2316 S.
218 2253 365 2331 Paulum,
381 2254 525 2339 quicum
542 2253 618 2317 alibi
634 2268 703 2318 tum
720 2253 751 2316 in
764 2252 868 2338 priore
882 2249 1013 2336 epistola
1027 2249 1070 2314 od
1086 2250 1145 2315 Co·

97 2336 235 2484 gothico
261 2359 332 2400 eam
360 2357 418 2422 pro
442 2337 651 2404 beneficentia
675 2351 710 2402 et
734 2338 937 2423 eleemosyna
961 2336 1145 2422 frequenter

124 2435 193 2485 lxii.

147 2505 231 2571 lbid.
246 2507 270 2571 l.
288 2521 334 2570 12.
357 2506 493 2592 ἐνέτρεψε]
513 2504 612 2592 Apud
628 2506 806 2592 Georgium
822 2504 1009 2594 Syncellum
1025 2504 1146 2590 legitur
1220 2511 1223 2515 ’

100 2589 238 2739 iris-gris
252 2592 359 2655 minus
373 2605 472 2656 recte.
499 2590 614 2655 Codex
630 2592 654 2654 F
654 2590 714 2656 uk.
731 2591 830 2655 habet
842 2591 987 2678 ἀνέτρεψε.
1003 2590 1057 2652 Vs
1067 2608 1145 2652 ess.

147 2678 162 2740 l
189 2676 274 2741 id.·l.
292 2682 340 2740 16.
362 2678 407 2738 tut
420 2676 499 2754 τὸέξ
511 2679 601 2760 ἀρχῆς
615 2679 641 2740 ir
654 2682 688 2762 τῇ
703 2675 841 2762 ἐκκλησίᾳ
857 2676 932 2758 &c.]
949 2673 1032 2739 lllud
1049 2673 1081 2736 ito
1095 2695 1146 2736 ec·
1232 2697 1238 2703 ·

99 2758 198 2826 eletio
212 2759 345 2848 perinde
360 2777 409 2824 est
421 2775 520 2847 atque
534 2761 567 2824 iu
582 2758 726 2825 ecclesiis²
740 2760 928 2825 ministerio.
972 2760 1044 2824 Neo
1058 2756 1146 2823 eliud

102 2867 219 2910 sonate
233 2845 314 2911 mihi
329 2844 454 2910 videtur
467 2844 506 2909 olr
521 2844 624 2924 initio,
636 2860 670 2911 at
693 2867 735 2910 ue
747 2847 789 2910 ab
805 2845 935 2911 ineunte
948 2855 1044 2908 aetete
1057 2856 1092 2906 et
1104 2841 1146 2906 ab

103 2929 249 2995 infantia.
294 2933 337 2994 Et
358 2951 398 2994 ea
419 2930 549 3015 quidem
576 2943 647 2993 tum
670 2868 755 2994 iorte
776 2929 945 2994 obtinebat
967 2926 1146 3013 disciplina,

103 3037 171 3099 qne
184 3016 207 3085 ii
221 3016 278 3102 qui
292 3016 326 3079 iu
340 3015 462 3081 clerum
476 3014 674 3079 adsciscendi
688 3027 790 3094 erant,
805 3037 848 3093 se,
861 3028 898 3080 ut
912 3013 1055 3100 loquitur
1069 3011 1147 3076 Siri-

100 3100 177 3163 cius
197 3102 226 3164 E
249 3101 300 3165 ist.
316 3100 394 3165 i.·n.
412 3114 459 3164 13.
481 3098 634 3164 Eoodssioe
653 3122 759 3164 voum
781 3098 932 3186 obsequiis
950 3098 988 3162 ao
1008 3096 1148 3198 insontia

103 3205 176 3263 suu,
192 3121 248 3250 vei
263 3200 301 3250 ut
322 3184 463 3282 idipsum
485 3184 638 3250 Zosimus
659 3185 763 3272 Epist.
777 3185 820 3248 ix.
837 3208 869 3249 n.
883 3200 914 3247 o.
934 3194 1091 3260 enuntiat,
1108 3180 1149 3267 ol

105 3269 248 3357 insontia
270 3268 483 3334 ecclesiasticis
509 3269 692 3334 ministeriis
717 3291 826 3334 nomon
851 3269 938 3346 dore,
960 3281 994 3331 et
1017 3267 1063 3330 its
1090 3287 1150 3352 per

104 3374 221 3419 omnes
250 3355 328 3418 cleri
362 3353 483 3440 gradus
518 3355 628 3440 episco
671 3367 740 3420 tum
779 3352 955 3439 promereri
990 3351 1150 3416 solebant.

104 3439 271 3527 Quocirca
339 3439 467 3525 prianus
482 3440 514 3503 in
529 3439 633 3526 episto
647 3454 666 3503 a
680 3438 826 3587 setpluenti
838 3461 869 3504 n.
881 3451 911 3514 7.
924 3436 1049 3502 etiamsi
1065 3436 1149 3502 Cor-

106 3524 229 3589 nelium
253 3524 478 3588 eccesiasticis
500 3525 682 3589 ministeriis
704 3547 724 3588 o
765 3523 852 3588 initio
875 3545 932 3588 seu
953 3522 995 3587 ob
1017 3521 1150 3592 infantis

105 3630 228 3675 nomen
248 3608 376 3674 dedisse
397 3631 461 3674 non
484 3623 593 3696 aperte
613 3608 719 3688 dicet3
741 3608 816 3674 hinc
837 3622 943 3673 tsmen
965 3628 1037 3672 eum
1057 3628 1171 3679 coma

100 3693 252 3772 mendat,
264 3692 355 3780 quod
374 3715 435 3758 non
453 3695 495 3758 od
508 3695 718 3779 episcopatum
736 3693 834 3758 subito
853 3692 1007 3779 persenit,
1021 3693 1075 3756 sed
1093 3707 1152 3792 pet

105 3779 213 3844 omnio
234 3771 442 3843 ecclesiastico
466 3779 564 3864 ficio
587 3789 759 3863 promotio,
774 3789 803 3842 et
826 3779 859 3841 in
881 3777 994 3842 divinis
1014 3776 1150 3841 odmmi·
1255 3853 1258 3857 Ι

104 3863 311 3929 arationibus
325 3864 430 3927 Deum
447 3864 647 3948 promeritm,
662 3863 703 3927 od
722 3861 884 3926 sacerdotii
906 3861 1035 3925 sublime
1045 3861 1150 3948 fasti-

101 3949 199 4036 gium
212 3947 331 4013 eunctis
342 3946 503 4034 religionis
514 3947 665 4033 gradibus
675 3947 843 4011 adscendit.
870 3948 936 4025 Hie
950 3945 1050 4030 igitur
1060 3968 1151 4033 qure-

103 4034 199 4110 r-itnr,
221 4031 444 4107 absimilibus
467 4033 587 4098 meritis
609 4045 740 4097 ornatus
758 4031 800 4094 sit
817 4030 1038 4110 Novatianus3
1060 4044 1094 4094 et
1113 4047 1153 4095 ea

103 4118 156 4185 illi
179 4117 320 4183 defuisse
340 4116 589 4182 demonstratur.
613 4116 838 4182 Cousrnur.
889 4116 924 4179 Si
949 4136 988 4178 ex
1015 4115 1154 4180 ethnicis

104 4203 297 4291 perentibus
318 4201 429 4270 ortum
451 4201 601 4274 hebuerit
621 4202 833 4280 Novatiauus,
849 4199 937 4287 quod
958 4199 1090 4286 quidem
1112 4195 1153 4275 ex
