2678 4756
238 262 301 339 sss
455 260 782 356 :sstrpurrs
810 260 1008 334 sacr-s.

237 433 414 524 indignum
428 447 478 503 est
491 438 576 502 enirn
591 436 703 502 detali
717 437 852 502 faemina
865 436 1042 503 absurdum
1061 432 1187 525 aliquid
1205 454 1276 505 sus·

233 547 348 635 picari.
391 546 481 635 Quid
496 568 576 633 ergo
596 546 738 611 efficiunt
756 547 852 611 verba
871 544 955 626 hsce,
968 546 1055 611 cDia
1068 544 1277 613 vatum-aa·-

236 655 321 745 qaad
333 666 440 720 cantra
455 656 570 735 Deam,
586 666 617 720 et
630 656 779 720 morare?
807 654 878 720 Hac
896 654 1082 742 afferebant,
1095 655 1278 734 mulierem,

236 765 315 852 quia
335 764 436 830 virum
458 765 704 852 reprehensione
724 786 833 830 carere
853 765 995 845 vidisset,
1013 779 1048 832 et
1067 779 1178 841 tamen
1198 786 1278 831 cona

234 890 327 938 cessu
338 873 403 937 Dei
416 873 449 937 in
462 884 512 938 tot
523 886 694 960 tantasque
705 872 904 939 calamitates
916 874 1091 954 incidisset,
1102 888 1301 942 vereretur-a

234 998 301 1068 que
322 1000 363 1045 ne
384 983 456 1069 quis
478 1004 518 1047 ex
539 984 578 1047 iis
599 1004 674 1071 quse
696 982 895 1063 videbantur,
912 983 1063 1071 judicans
1084 1006 1134 1050 ea-
1147 1008 1224 1072 quae
1248 984 1279 1051 ei

233 1092 405 1173 evenirent,
420 1095 580 1159 contraria
599 1095 671 1181 ejus
691 1104 778 1158 recte
799 1092 893 1158 factis
911 1092 1121 1176 existimaret,
1134 1093 1168 1159 id
1189 1093 1278 1182 quod

234 1200 333 1265 etiarn
356 1212 419 1266 tres
439 1201 537 1267 amici
558 1201 709 1266 fecissent
722 1222 740 1265 :³
760 1201 816 1288 qui
837 1222 912 1265 cum
934 1200 1014 1266 nihil
1034 1202 1154 1267 sinistri
1173 1202 1218 1266 ab
1238 1222 1277 1267 ea

233 1321 364 1395 gestum
380 1330 450 1376 esse
468 1312 597 1391 scirent,
611 1324 720 1375 tamen
741 1332 780 1375 ex
802 1311 840 1375 iis
859 1332 933 1397 quae
951 1324 1184 1390 camerent5es
1203 1310 1277 1398 que

232 1417 281 1484 illi
296 1420 497 1500 accidissent,
505 1414 723 1508 judicassent,
735 1419 1023 1507 quod-ignorarent
1035 1421 1112 1501 Dei,
1128 1419 1188 1506 qui
1201 1440 1275 1485 eum
1286 1430 1318 1483 ιο

233 1528 400 1609 edidisset,
415 1531 596 1611 consilium,
611 1552 650 1595 ne
665 1529 742 1617 quid
762 1530 949 1617 hujusmodi
970 1530 1143 1609 accideret,
1157 1530 1191 1595 ei
1206 1528 1277 1595 lucc

233 1636 364 1702 dixisse.
398 1637 468 1717 Vir,
485 1639 552 1702 scio
566 1638 679 1705 teDei
690 1638 846 1705 auxilium
858 1651 1045 1726 expectare:
1068 1638 1126 1704 sed
1139 1638 1277 1705 fortasse

233 1745 356 1837 interea
369 1745 510 1823 salutern,
522 1746 656 1827 distulit,
670 1769 801 1812 causam
814 1769 878 1827 non
893 1769 1025 1834 possum
1040 1738 1158 1829 dicere.
1199 1750 1275 1827 Per·

226 1839 327 1933 ,multi
345 1869 454 1920 autem
474 1855 634 1937 homines,
649 1855 705 1944 qui
725 1868 759 1921 te
782 1856 849 1921 sine
869 1856 979 1944 stirpe,
996 1856 1064 1922 sine
1077 1856 1194 1938 domo,
1208 1858 1276 1923 sine

231 1974 320 2028 veste
339 1963 649 2052 esse„0mnibnsquc
671 1964 767 2031 bonis
789 1965 990 2046 destitutum,
1007 1978 1042 2032 ct
1060 1967 1185 2033 liberos
1203 1966 1315 2035 illasts

228 2071 385 2159 pulchros
399 2094 437 2138 ac
451 2074 566 2154 bonos,
581 2094 664 2162 quos
684 2095 805 2162 magno
818 2075 930 2142 labore
944 2076 1196 2162 procreavimus,
1211 2098 1276 2145 non

229 2178 373 2246 libidinis
387 2203 497 2264 causa,
512 2182 567 2248 sed
581 2184 784 2271 propagandi
797 2184 925 2271 generis
940 2184 1053 2265 nostri,
1065 2196 1205 2271 repente
1216 2184 1274 2251 de·

226 2293 326 2373 letos,
340 2293 468 2359 vident:
484 2307 521 2360 tu
536 2316 611 2359 vero
625 2295 696 2380 ipse
710 2293 866 2359 tinearum
883 2293 1036 2380 pabulam
1053 2293 1168 2380 factm
1180 2308 1274 2376 es,ct

227 2425 289 2492 pra
310 2404 451 2490 pristinis
463 2404 590 2492 opibus
612 2426 650 2469 sc
672 2403 766 2470 banis
787 2418 820 2470 et
842 2405 1034 2487 valetudine,
1048 2406 1081 2471 in
1100 2420 1160 2472 tua
1177 2428 1273 2474 carne

227 2512 384 2578 vermium
400 2513 575 2578 multitudo
589 2524 701 2594 scatet,
718 2526 751 2578 et
765 2535 825 2599 pra
839 2513 948 2600 regiis,
964 2536 1003 2579 ne
1018 2514 1079 2581 sub
1094 2527 1188 2581 tecto
1201 2516 1313 2603 qui-2⁰

224 2621 314 2701 dem,
329 2621 385 2686 sed
398 2623 453 2687 sal
467 2621 516 2686 dio
532 2621 672 2686 liabitas:
692 2643 757 2708 ego
773 2644 848 2687 vero
863 2636 1024 2704 uxortua,
1039 2645 1099 2712 pro
1113 2627 1272 2711 praeclaro

225 2728 407 2818 illustrique
431 2731 498 2796 lare
522 2752 644 2818 pauper
665 2730 780 2795 effecta
801 2752 885 2810 sum,
908 2731 1117 2816 ‘lpraeteriens
1139 2733 1211 2801 loca
1233 2758 1271 2801 ea·

226 2837 304 2919 laco,
320 2852 349 2904 et
364 2839 466 2905 damas
480 2851 616 2919 mutans,
630 2861 736 2906 rerum
752 2839 791 2904 ad
807 2840 903 2905 vitam
922 2836 1175 2909 necessariarum
1195 2866 1269 2931 gru-

225 2947 282 3027 tia‚
297 2948 341 3013 ob
354 2968 491 3034 eamque
505 2946 636 3012 causam
651 2947 773 3034 pudore
788 2944 915 3027 affecta,
931 2949 1026 3013 solem
1039 2948 1120 3014 milri
1133 2963 1210 3038 apto
1222 2974 1268 3017 ac·

225 3057 337 3137 cidere,
354 3068 391 3122 at
403 3080 466 3122 aaa
486 3056 621 3121 adventa
645 3077 699 3120 saa
722 3055 919 3122 calamitates
938 3080 1022 3122 meas
1040 3059 1163 3126 occulat
1177 3073 1211 3128 et
1225 3070 1304 3128 tra-2⁵

221 3177 292 3255 gat.
337 3168 386 3231 Ut
400 3166 499 3252 igitur
514 3186 579 3251 ego
598 3164 666 3250 ipsa
684 3175 810 3229 tantum
836 3165 952 3246 ridear,
967 3189 1032 3232 non
1045 3168 1155 3236 ferens
1168 3172 1266 3239 risum

223 3274 408 3361 procacium
422 3298 430 3337 r
455 3272 500 3338 sic
514 3286 551 3337 tu
567 3271 624 3359 qui
638 3271 789 3337 miserum
808 3275 1027 3360 spectantibus
1042 3279 1265 3363 spectaculum
1294 3284 1299 3291 '

223 3383 408 3470 propositus
430 3402 477 3460 es,
499 3381 565 3445 noli
587 3402 684 3445 causa
704 3381 813 3446 damni
835 3404 904 3447 esse
926 3383 1069 3464 infirmis,
1086 3387 1184 3472 quasi
1204 3410 1264 3453 nan

223 3492 267 3557 sis
282 3514 368 3557 curae
384 3492 470 3569 Deo,
487 3512 545 3554 nec
564 3490 633 3576 ipse
651 3490 748 3555 simili
769 3488 834 3555 tibi¹
849 3489 1041 3578 conjunctus
1059 3493 1114 3574 sit,
1128 3495 1265 3561 collecta

223 3613 453 3686 contractaque
468 3610 576 3663 mente
590 3609 645 3662 tua
658 3611 692 3663 te
705 3599 743 3663 in·
754 3599 945 3665 famulatum
956 3601 1032 3682 Dei,
1045 3602 1103 3688 qui
1117 3615 1153 3669 te
1167 3602 1203 3671 in
1215 3605 1303 3672 lusa

222 3730 295 3775 cern
317 3709 463 3795 protulit,
478 3709 579 3787 trade,
593 3720 632 3773 ut
652 3707 712 3772 tibi
734 3707 870 3774 celerem
892 3722 1030 3774 mortem
1051 3711 1185 3793 inferat,
1200 3732 1263 3801 qua

222 3818 349 3884 facilius
371 3830 476 3883 morte
496 3818 566 3904 ipsa
587 3829 622 3882 et
642 3816 858 3903 suspicionem
881 3839 979 3903 quarn
1003 3817 1043 3882 de
1066 3820 1145 3885 Deo
1167 3820 1262 3887 hebes

222 3927 331 4009 t'ollcs,
345 3939 379 3992 et
393 3926 453 3991 tibi
467 3926 606 4007 dolores,
619 3938 653 3991 et
666 3925 747 3990 milri
757 3925 955 3991 calamitates
970 3925 1085 3993 reddas
1100 3928 1261 4018 saciusque

216 4168 235 4201 ι’
339 4168 537 4223 setosus.
688 4146 1100 4227 cassamentum.
