2678 4756
400 276 749 354 mensumn.
1029 288 1093 393 νος

97 456 280 524 Ρ.ουο.1.ι.
294 455 680 545 emeritensium]
693 454 1092 544 Raptationeminteltigtt.

58 543 184 608 Primus
198 544 282 608 enim
298 546 457 609 cruciatus
475 557 542 608 erat
556 545 721 610 verberum
742 566 780 610 ec
823 544 970 629 legarum
985 555 1018 608 et
1032 562 1092 607 un·

55 628 219 716 galerum.
263 628 428 695 Secundus
442 644 479 694 ut
496 628 585 694 humi
601 630 737 716 depositi
756 565 957 694 truirercntur
970 647 1003 694 et
1016 651 1091 729 rap-

57 715 434 865 terzrgturssccarcerem.
448 716 656 782 Vsessrus.
681 714 783 796 τουτον
797 717 818 778 δ
833 714 927 804 ἑτέραν
938 719 972 797 β.
984 713 1093 780 Cleru-

57 810 70 866 t
166 821 192 865 s.
270 810 309 864 tt.

72 815 187 951 opIbid.
202 885 225 950 l.
237 900 267 950 2.
289 885 487 971 πληγαῖς-οδ
508 889 555 950 καὶ
573 885 659 972 μετὰ]
678 884 787 961 usitate
806 885 831 949 oi
850 884 998 951 ὖπονᾶντοοο
1015 885 1094 971 ἐφεύ-

57 994 114 1056 ρον,
128 967 201 1048 ἦσαν
212 976 238 1034 οδ
250 970 301 1054 μὲν
314 975 388 1052 μηδ
404 970 628 1057 Cbristopbors.
644 972 746 1040 tecte.
761 986 795 1036 et
809 973 927 1058 Interp.

57 1068 66 1097 ·“
101 1056 186 1121 Ibid.
202 1056 225 1122 i.
241 1071 272 1120 3.
294 1058 337 1120 tet
358 1064 406 1121 τοῦ
427 1056 511 1137 ξύλου
532 1055 660 1143 κείμενον]
681 1056 819 1122 Pessime
842 1058 971 1144 Langus
991 1073 1094 1125 catas-

57 1155 125 1208 tem
142 1143 246 1220 vertit,
261 1141 315 1206 hic
329 1144 414 1208 enim
428 1141 460 1206 ro*
471 1143 554 1221 ξύλον
567 1143 660 1207 aliter
673 1142 810 1207 sumitur
823 1164 860 1207 ae
876 1165 982 1230 supra,
1004 1146 1094 1210 Nam

57 1248 155 1313 supra
176 1227 306 1379 (Eidem
325 1229 456 1315 ponitur
476 1250 536 1316 pro
557 1229 681 1307 eculeo,
705 1241 741 1294 ut
764 1249 804 1293 ex
828 1229 945 1294 Rufino
967 1232 1095 1296 monui-

56 1334 143 1378 mus.
225 1314 254 1379 ic
281 1336 359 1379 vero
379 1337 439 1402 pro
463 1337 557 1380 nereo
584 1314 725 1401 ponitur,
749 1312 782 1379 id
808 1326 857 1378 est
884 1315 1093 1402 compedibus

57 1396 186 1548 ligneis.
231 1401 283 1464 De
320 1423 361 1466 ua
375 1400 607 1487 significatione
621 1399 726 1465 multa
736 1399 805 1488 jam
818 1399 887 1465 dixi
900 1400 932 1465 in
949 1402 1094 1488 superio·

56 1483 148 1550 rius
164 1485 262 1550 tibris.
354 1486 411 1551 tini
425 1487 522 1552 etiem
537 1486 663 1574 lignum
680 1507 719 1551 eo
733 1507 829 1551 sensu
843 1485 1001 1552 dixerunt:
1043 1488 1096 1554 De

57 1567 110 1633 his
124 1570 336 1657 compedibus
350 1571 449 1637 intelli
475 1572 576 1651 endus
592 1585 640 1636 est
655 1572 747 1637 locus
762 1571 796 1637 in
810 1572 903 1636 Actis
917 1574 1096 1662 martyrum

57 1654 208 1735 Tarachi,
224 1658 330 1736 Probi,
344 1670 377 1722 et
392 1596 580 1723 Andronici.
615 1659 694 1722 Cum
708 1657 986 1738 submotus-esset,
1003 1662 1095 1725 Prae'-

58 1758 108 1805 νυν
120 1741 226 1806 dixit:
247 1742 364 1808 mittite
378 1741 428 1806 uti
438 1744 568 1831 ferrum
579 1758 636 1828 per
652 1755 785 1832 quotuor
799 1743 1051 1826 lacrumarum,
1065 1751 1097 1811 et

58 1825 251 1894 dimittentes
265 1827 406 1916 aliquam
421 1851 527 1894 curam
541 1828 571 1893 ei
584 1844 744 1915 opponere.
789 1831 831 1894 Et
845 1830 877 1893 in
890 1830 985 1895 Actis
999 1832 1098 1897 Luci-

58 1912 111 1976 ani
126 1913 287 2000 martyris.
323 1915 477 2002 Synesius
491 1917 523 1980 in
538 1916 683 1980 oratione
697 1914 739 1980 de
753 1936 855 2002 regno
866 1916 934 1979 ἀλλ’
950 1913 1004 2002 ὅγε
1016 1923 1095 2000 μᾶλ-

58 2010 109 2060 λυν
133 1999 271 2078 nisime
296 2007 350 2063 τῶν
377 2004 403 2064 ἐν
427 2006 461 2102 τῇ
485 2002 644 2089 modoetien,
669 2006 709 2088 τῷ
731 2001 898 2087 conuenire>
918 2008 972 2065 τῶν
994 2003 1094 2081 ξύλων.

60 2082 160 2185 Porro
170 2084 258 2150 sieut
272 2085 305 2149 in
320 2085 380 2151 hac
396 2085 514 2152 Phrleae
529 2087 664 2188 epistola
684 2086 766 2186 idun
787 2085 887 2150 modo
907 2108 966 2187 uro
982 2089 1109 2155 eculeo·
1221 2123 1224 2127 ·

59 2183 211 2248 sumitur,
225 2170 325 2235 modo
341 2192 400 2257 pro
415 2193 531 2237 nervo:
551 2188 597 2237 rte
610 2194 643 2236 m
658 2174 750 2237 Actis
764 2171 929 2236 Theodon
943 2173 1098 2262 Martyris
1215 2223 1218 2228 -

83 2276 135 2319 ure
159 2254 318 2322 habentur
340 2256 427 2343 apud
452 2258 581 2323 Surium
607 2257 658 2322 die
684 2275 716 2337 9.
741 2258 946 2337 Novembris,
971 2257 1097 2346 lignum

59 2275 503 2495 ternensis
517 2343 1099 2496 tttssrmuums

59 2512 273 2599 compedibus
291 2513 406 2602 ligneis
428 2514 524 2580 simili
545 2538 577 2579 m
624 2537 645 2580 ο
667 2536 754 2594 usus,
774 2519 959 2603 νυχδημεςον,
979 2517 1097 2605 inquit',

59 2597 200 2663 deivido
268 2607 316 2665 τοῦ
329 2599 493 2687 κυλοοςηρδου
526 2602 591 2666 rinno
606 2601 765 2683 κεντῆμυτοο
778 2602 840 2676 τοὺς
851 2601 944 2676 ονοδυος
958 2626 1098 2692 παροινου-

59 2682 173 2759 θίποις.
199 2626 321 2751 adiubet
335 2687 539 2768 interrupisse
553 2708 613 2773 pro
627 2684 813 2769 δουτοτυομένδι
828 2686 868 2751 Ν
866 2685 963 2772 t'eepit.

105 2769 191 2835 Ibid.
211 2770 233 2834 l.
247 2777 278 2835 6.
305 2777 344 2855 μὴ
366 2773 539 2857 δυναμένους]
565 2774 642 2837 Post
666 2793 778 2836 vocem
801 2772 959 2855 δυναμένους
981 2772 1099 2840 desunt

58 2874 155 2920 voees
176 2855 280 2944 δμδίους
299 2857 375 2937 οἶνον,
389 2858 438 2922 vel
452 2858 530 2945 quid
545 2857 659 2922 simile.
683 2859 741 2921 W.
755 2859 917 2923 Lowru.
962 2858 1101 2926 Addunt

61 2939 329 3028 christophorsoni
342 2943 444 3009 Leott.
461 2957 495 3009 et
508 2944 626 3028 interp.
641 2942 737 3007 verba
755 2948 835 3007 κυνεῖν
849 2941 960 3020 ἑαυτοῖς.
1006 2944 1100 3010 Nihil

59 3025 184 3093 interea
202 3027 273 3114 opis
291 3049 330 3092 ex
351 3042 456 3094 vetere
479 3028 651 3129 interprete
666 3026 777 3114 Rufino
793 3029 938 3108 habebis,
952 3029 1008 3117 qui
1022 3029 1099 3094 Phi·
1182 3024 1186 3043 ‘

54 3111 146 3178 ,leam
162 3113 314 3190 vertendo
327 3113 372 3178 ita
387 3115 549 3191 breviavit,
563 3136 665 3178 immo
681 3113 842 3179 interdum
857 3116 956 3193 auxit,
970 3129 1007 3181 ut
1019 3137 1098 3181 auc·

59 3197 126 3263 tori
141 3219 205 3263 non
220 3198 332 3264 eedem
345 3212 474 3266 constet
487 3199 594 3264 facies.
639 3199 714 3265 Nisi
728 3221 801 3264 vero
821 3216 895 3286 post
915 3199 981 3281 οἶνον
1003 3222 1098 3287 repo·

60 3281 202 3349 nendum
223 3285 264 3349 sit
281 3290 357 3366 ςῆνυος
368 3289 408 3368 μὴ
421 3285 590 3368 δυναμένους,
603 3285 880 3372 quemadmodum
893 3286 988 3351 vertit
1000 3286 1098 3353 Vale·

59 3369 143 3446 sius,
157 3368 329 3435 videndum
348 3392 455 3458 ennon
472 3385 547 3458 post
568 3369 664 3437 hasce
683 3391 778 3436 voces
796 3375 835 3455 μὴ
854 3371 1001 3454 δυναμένους
1021 3372 1099 3437 sub-

60 3454 259 3520 audiendum
274 3455 317 3521 sit
329 3477 370 3520 ex
383 3456 646 3523 antecedentibus
660 3455 783 3542 supinos
797 3477 871 3522 esse.

106 3539 190 3605 Ibid.
205 3540 229 3606 13
241 3553 271 3605 θ.
292 3541 468 3692 operietis?
492 3542 634 3608 Additur
653 3543 687 3606 in
707 3541 976 3693 Christogitorsoni
993 3541 1098 3610 Leuc.

59 3636 95 3690 et
113 3624 232 3712 interp.
252 3631 392 3708 ἡμιθανεῖς
413 3655 473 3693 κα.
502 3627 580 3695 Vid.
594 3627 677 3693 infre
690 3627 731 3691 ad
744 3627 828 3692 lint
854 3674 863 3693 .
900 3629 984 3694 Mox
998 3630 1101 3697 Leett.

61 3709 143 3776 καὶ.
159 3715 301 3798 παρεῖχον
315 3735 376 3800 pro
389 3712 576 3802 παρέχοντες.

105 3794 301 3863 Ibid.l.10.
324 3807 380 3864 τῶν
399 3802 531 3879 docitem
553 3802 604 3874 τὰς
625 3797 757 3882 ἐπινοίας]
778 3801 830 3873 τοὶς
850 3803 905 3863 τοῖον
926 3802 959 3880 β.
984 3800 1101 3877 &troius

61 3878 100 3946 Ν
105 3879 112 3895 ’
168 3880 200 3946 it.
246 3883 351 3969 Supra
363 3884 462 3950 habes
476 3885 577 3949 πάντα
590 3885 640 3967 μὲν
654 3885 738 3949 πόνον
753 3882 1103 3967 οιαὶσαντοίοοςοιίκοομῶν

59 3967 190 4042 inrum.
205 3989 238 4068 p.
250 3981 321 4045 378.
336 3970 358 4035 1.
370 3985 401 4035 5.
440 3971 526 4036 Cum
541 3969 591 4036 his
607 3983 714 4036 eutem
738 3968 856 4035 Phileae
876 3971 1020 4036 conferas
1035 3973 1103 4036 Eu·

59 4050 196 4118 sebiena
208 4052 264 4119 rlla
274 4055 315 4119 de
325 4055 522 4143 martyribus
535 4076 608 4142 cap.
624 4069 669 4121 12.
686 4053 783 4144 hujus
798 4055 855 4121 lib.
866 4056 929 4121 viii.
945 4057 990 4120 διά
1004 4076 1035 4121 re
1047 4064 1103 4123 teis

29 4140 33 4146 ’
49 4137 322 4230 ‘insipientiaeque
342 4146 434 4224 μελῶν
447 4167 480 4205 τε
494 4141 543 4206 καὶ
558 4141 864 4247 σπλάγχνωνοιίχμὰς
882 4143 904 4230 ’i
927 4146 1103 4224 ἀσυμπαθεῖς

48 4224 113 4305 ui
129 4225 176 4289 tte
190 4223 270 4314 λόγομ
282 4231 365 4316 ῥητὰς
379 4225 508 4311 ὑπέμενον
522 4225 637 4306 visae,
651 4225 684 4304 οἲς
697 4233 722 4294 oi
735 4250 853 4315 γενναοοο
867 4227 916 4294 sei
935 4227 1043 4314 νυυομοδ
1062 4228 1103 4293 δν·

55 4334 57 4343 “
134 4349 140 4357 ’
545 4325 626 4378 003
