2678 4756
218 302 454 370 ANNOTAT.
479 304 531 368 IN
553 303 586 368 S.
608 299 827 367 CORNELII
850 296 1022 364 FRAGM.
1101 319 1139 386 19

102 468 297 535 Caelestinus
318 493 395 558 erga
416 471 619 551 Nestorium,
635 493 759 535 necnon
780 482 813 534 et
834 482 958 555 patres:
980 467 1030 532 vel
1050 467 1139 555 quod

100 557 134 619 in
163 557 330 621 haerescon
357 572 432 621 ortu
458 558 653 642 parcendum
679 557 827 620 duxerint
855 554 1137 634 haeresiarcharum

100 642 296 717 nominibus,
310 643 357 705 vel
374 643 461 728 quod
476 645 516 706 ab
532 644 570 706 iis
583 641 778 728 appellandis
794 639 1029 703 abhorruerint.
1067 640 1154 705 Ne·.

99 748 165 810 que
180 726 301 801 ,certius
321 727 491 812 epistolam
514 729 606 790 istam
629 739 807 791 truncatam
830 725 968 810 probant
988 722 1139 808 specialia

95 809 259 895 quaedam,
281 833 354 896 quae
375 834 395 874 a
418 812 582 898 Cypriano
610 824 787 886 narrantur,
810 828 868 872 nec
891 810 923 872 in
946 809 1005 871 hac
1028 808 1136 893 expri-

97 908 242 973 muntur,
258 897 299 959 de
315 897 502 960 Nicostrato
524 911 556 959 et
576 897 719 960 Eraristo
742 895 914 980 adjuncta:
938 915 1013 957 cum
1029 915 1067 957 ea
1081 893 1136 958 ille

95 980 349 1064 Nicephoriore
363 983 504 1066 potuerit
517 981 669 1045 ediscere.
715 979 802 1042 Huic
824 1001 920 1063 porro
938 979 971 1041 in
989 978 1134 1042 Africam

94 1064 264 1129 festinanti
279 1066 418 1148 primum
434 1067 501 1130 sola
520 1066 636 1129 tradita
656 1079 705 1129 est
725 1064 795 1128 haec
818 1063 962 1148 epistola.
1005 1063 1135 1129 Deinde

93 1170 174 1211 cum
199 1149 232 1212 in
255 1151 423 1234 procinctu
448 1165 542 1228 esset,
564 1151 595 1212 ei
619 1166 652 1214 et
673 1151 872 1233 subsequens
896 1147 1048 1233 'adjuncta
1073 1160 1133 1212 est.

97 1234 282 1319 Utramque
305 1257 378 1297 vero
401 1235 498 1298 simul
515 1235 664 1319 pertulit.
694 1233 915 1296 Cousraur.
960 1234 1041 1295 Haec
1064 1233 1133 1317 epi·

94 1318 183 1400 stola
203 1318 235 1381 in
257 1320 407 1382 omnibus
428 1320 494 1383 fere
517 1320 681 1383 codicibus
696 1317 833 1402 antiquis
849 1317 966 1379 dicitur
979 1339 1047 1380 esse
1064 1317 1134 1404 Cy·

96 1403 200 1486 priani
217 1402 258 1470 ad
275 1402 475 1466 Cornelium.
521 1408 594 1489 Ego
617 1425 686 1467 esse
706 1401 849 1465 Cornelii
872 1401 912 1464 ad
934 1400 1133 1487 Cyprianum

95 1488 245 1572 nuspiam
261 1488 364 1572 reperi
380 1510 475 1573 quam
500 1490 532 1552 in
556 1488 742 1552 Corbeiensi
768 1500 801 1549 et
823 1486 855 1548 in
879 1508 944 1548 uno
965 1508 1049 1550 meo.
1095 1487 1135 1551 In

94 1573 256 1654 excerptis
276 1585 384 1635 tamen
404 1573 449 1636 ad
465 1595 517 1636 me
539 1574 643 1636 missis
659 1595 697 1635 ex
712 1571 824 1635 codice
841 1586 907 1648 199.
926 1570 1133 1637 bibliothece

95 1655 263 1718 Vaticanae
283 1656 358 1741 lego
380 1679 452 1720 eam
473 1659 621 1741 scriptam
644 1679 712 1720 esse
734 1677 752 1717 a
772 1655 924 1719 Corneli0
938 1656 978 1718 ad
996 1655 1134 1741 Cypria-

96 1761 177 1802 nnm
201 1741 264 1804 hoc
283 1742 403 1805 modo:
427 1742 574 1826 Epistola
590 1740 724 1805 Cornelii
739 1739 781 1802 ad
798 1740 989 1824 Cypriorum
1004 1741 1041 1804 de
1052 1740 1133 1826 fac·

95 1823 182 1887 tione
208 1825 481 1890 schismaticorum.
526 1825 686 1890 Cornelius
717 1825 870 1910 Cypriane
898 1824 1041 1888 salutem.
1085 1826 1135 1891 Ne

121 1908 184 1971 uid.
229 1912 341 1995 ltaque
363 1912 486 1995 ambigi
509 1931 570 1973 non
594 1922 702 1995 potest
721 1910 799 1994 quin
821 1931 892 1973 vere
915 1912 957 1973 sit
980 1907 1134 1975 Cornelii.
1210 1983 1214 1990 .

94 1928 224 2057 inurit
237 2009 345 2058 autem
367 1996 525 2059 Pamelius
546 1995 633 2059 illam
655 2017 719 2058 non
738 2015 809 2057 esse
829 1995 988 2078 integram
1009 2009 1043 2059 et
1063 2016 1133 2060 esse

95 2090 224 2141 tantum
242 2080 470 2165 fragmentum,
487 2079 644 2164 Rigaltius
668 2101 737 2143 esse
757 2079 920 2162 sequelam
937 2080 987 2142 vel
1007 2079 1134 2144 addita·-

96 2176 244 2227 mentum
259 2164 368 2248 potius
383 2165 518 2250 alicujus
534 2186 573 2227 ex
610 2162 851 2227 raecedentibus.
874 2163 1083 2228 Banuzros.

141 2247 177 2309 Ρ.
188 2262 219 2311 5.
233 2248 256 2311 l.
267 2265 300 2325 9.
324 2248 419 2332 hujus
435 2248 579 2313 scelerati
588 2186 747 2330 hominis]
765 2248 818 2309 De
832 2247 898 2309 viro
914 2247 976 2311 isto
990 2249 1036 2313 ita
1053 2248 1134 2313 Hio-

96 2351 254 2417 ronymus
269 2335 320 2396 De
338 2333 424 2396 Viris
439 2333 495 2396 Ill.
511 2355 580 2417 cap.
592 2346 642 2407 70.
667 2331 862 2395 Novatianus
882 2332 1032 2396 Romanae
1049 2333 1135 2399 ardis
1246 2334 1254 2343 ”

91 2415 256 2501 presbyter
268 2418 414 2481 adamus
427 2416 601 2481 Cornelium
614 2416 792 2480 cathedram
807 2417 1026 2481 sacerdotalem
1041 2440 1132 2493 cono,-

96 2510 150 2563 tus
170 2500 325 2578 renodare,
342 2501 599 2580 Novatianorum',
616 2502 696 2586 qaod
716 2502 827 2565 Graece
844 2500 959 2565 dicitur
979 2504 1133 2589 Καθάςων,

94 2583 212 2671 dogma
232 2585 402 2664 constituit,
418 2586 523 2651 nolens
543 2597 702 2669 apostatas
723 2586 872 2669 suscipere
890 2585 1132 2668 paenitentiales.

98 2668 193 2732 Plura
207 2670 313 2735 videas
327 2670 360 2734 in
375 2693 423 2750 ea,
438 2694 511 2757 quae
526 2694 602 2735 mox
617 2672 771 2756 sequitur,
785 2670 825 2734 ad
840 2670 974 2735 Fabium
990 2671 1133 2736 Cornelii
1222 2690 1225 2696 ·

96 2753 264 2838 Epistola3
287 2770 384 2840 atque
403 2757 434 2818 in
457 2756 601 2854 pluribus
622 2755 772 2840 Dionysii
787 2757 880 2819 Alex.
895 2755 982 2838 apud
997 2757 1134 2821 Eusebi·

96 2846 161 2900 um'
174 2838 332 2922 epistolis.
375 2841 521 2904 Maxime
544 2862 617 2905 vero
640 2840 781 2904 notabile
803 2849 864 2918 e'st‚'
881 2853 1074 2907 taceresem
1116 2863 1141 2914 r⁴

98 2921 287 2987 Cornelium
311 2923 479 2989 adversarii
504 2925 553 2989 sui
579 2926 752 2990 Novatiani
778 2946 895 2989 nomen
918 2862 1131 3010 tir-epistolii,

95 3027 169 3091 quae
192 3020 333 3084 restant3
356 3008 398 3072 de
423 3009 517 3095 cujus
542 3009 673 3095 quidem
701 3009 839 3072 nominis
865 3008 949 3072 varia
975 3010 1132 3095 scriptura

94 3091 218 3177 aliquid
234 3092 287 3156 hic
300 3092 417 3157 dicam.
462 3095 550 3159 Huic
573 3094 736 3170 nimirum,
758 3094 875 3178 pariter
898 3107 930 3155 at
953 3117 994 3159 ue
1018 3095 1133 3180 aequali
1204 3129 1207 3147 ·

95 3176 165 3260 ejus
191 3178 322 3241 Novato
346 3179 441 3256 Afro,
467 3201 576 3243 verum
603 3201 719 3242 nomen
746 3179 904 3240 Nouatum
967 3180 1037 3255 isse,
1061 3181 1132 3242 fuse

94 3261 269 3345 disputavit
280 3260 322 3325 cl.
335 3263 514 3327 Lardnerus
527 3264 579 3326 De
594 3263 667 3327 Fide
679 3262 765 3327 Hist.
779 3264 904 3346 Evang.
920 3264 954 3324 P.
967 3264 1011 3324 II.
1027 3263 1088 3325 vol.
1100 3286 1130 3327 v.

94 3345 178 3408 Not.
192 3345 234 3410 ad
250 3346 372 3409 calcem
387 3349 449 3410 vol.
464 3348 497 3410 in
511 3369 581 3433 cap.
594 3361 644 3423 47.
660 3349 714 3433 qui
735 3359 769 3408 et
790 3346 962 3411 nonnullos
983 3359 1130 3412 auctores

92 3429 193 3493 etiam
216 3431 350 3495 Latinos
370 3431 504 3495 adduxit
525 3432 606 3496 hanc
626 3434 815 3518 scripturam
837 3444 904 3515 prae
927 3453 961 3494 se
982 3432 1130 3509 ferentes,

93 3513 152 3577 sed
177 3514 313 3579 fortasse
337 3537 377 3579 ex
399 3516 580 3583 imitatione
606 3517 807 3595 Graecorum,
832 3518 888 3600 qui
912 3517 978 3579 fere
1003 3536 1131 3600 semper

92 3596 225 3663 Nrdaror
245 3608 301 3662 se'u
321 3603 452 3665 Nauaris
475 3602 680 3687 scripserunt.
724 3603 772 3665 At
787 3599 984 3685 Cyprianum
1000 3601 1143 3672 nomine,

91 3682 267 3747 Novatiom'
281 3683 444 3747 hominem
460 3706 586 3770 semper
600 3685 785 3769 designasse
801 3685 1003 3748 notissimum
1017 3697 1077 3763 est,
1092 3698 1130 3749 ut

92 3768 309 3852 posteriorum
324 3780 453 3832 aetatum
469 3782 592 3833 taceam
608 3769 789 3853 scriptores.
835 3770 942 3831 Immo
955 3791 1029 3833 vero
1043 3768 1130 3855 apud

90 3850 285 3916 historicum
306 3852 456 3916 Graecum
482 3854 658 3918 Eusebium
682 3853 739 3916 lib.
755 3854 805 3917 vii.
828 3875 898 3937 cap.
916 3868 944 3917 8.
968 3854 1023 3917 ubi
1046 3855 1128 3918 refe·

90 3949 210 4002 rantur
223 3935 370 4021 quedam
387 3937 590 4022 exDionysii
605 3938 811 4001 Alexandrini
829 3937 964 4021 epistola
983 3937 1024 4000 ad
1045 3939 1128 4003 Dio-

90 4044 110 4084 n
139 4019 223 4082 sium
245 4021 432 4084 Romanum
461 4020 579 4086 nomen
605 4027 772 4085 Νουατιανῶ
800 4021 953 4085 scritum
982 4021 1128 4087 habetur.

91 4042 249 4189 Ciamque
262 4104 296 4167 in
311 4105 448 4189 epistola
461 4106 669 4171 Alexandrini
683 4085 826 4191 praeiulis'
838 4043 997 4193 adipsum
1017 4108 1128 4170 Nova·

89 4189 219 4253 tiaoum
242 4188 285 4253 ab
306 4189 420 4277 eodem
441 4191 583 4257 Eusebio
596 4192 630 4259 in
643 4191 701 4257 lib.
713 4191 754 4259 vi.
769 4211 839 4282 cap.
852 4204 902 4256 45.
917 4201 1047 4269 servata,
1064 4211 1128 4265 non

589 4289 639 4338 c2
