2678 4756
262 294 317 362 IN
337 290 588 361 anennual
611 286 821 359 CONClLll
836 283 1075 356 GANONES.
1122 301 1184 374 '453

446 425 451 436 ·
508 468 679 547 Epiphania
695 467 814 534 Ciliciae,
827 466 858 522 in
875 467 1006 540 Catalogo
1021 465 1183 532 isidoriano,

144 549 307 629 Amphion,
433 623 435 626 y
472 481 602 694 {etin
615 550 801 607 Nicaenorum
812 547 965 624 Catalogo.
980 546 1077 603 riclet
1091 546 1182 602 Sozo'·

421 669 424 674 -
530 651 606 690 men.
620 633 693 690 Has.
708 630 756 689 lib.
768 632 787 688 i.
802 649 865 707 cap.
880 629 925 686 10.

143 747 279 831 ωψ
469 711 1086 859 t

666 836 675 861 ,
1065 833 1072 847 .

508 876 677 933 Theodorus
694 875 801 932 Lector
817 875 848 931 in
862 874 1036 933 Nicanoruns
1052 873 1184 945 Catalogo

528 957 603 1036 apud
615 958 740 1034 Cyprum
753 953 873 1013 insulam
888 954 986 1021 habet,
998 955 1118 1019 Γιλάσιος
1129 963 1184 1010 Σα-

526 1040 643 1114 sapim.
677 1039 824 1112 Catalogus
844 1039 989 1095 eorundem
1011 1037 1185 1091 Nicanoruna

528 1120 655 1186 Latinus,
671 1119 788 1176 Selanos
803 1117 1014 1175 Selanonensis.
1043 1117 1184 1173 Neccaesa·

528 1204 657 1258 riensiuni
678 1211 773 1257 autem
796 1195 1124 1274 catologus,8alami11us
1146 1195 1184 1255 al.

530 1282 682 1339 Salrninus.
705 1282 746 1338 At
759 1300 837 1349 vero,
849 1281 904 1337 nisi
918 1279 1098 1358 praestitisset
1112 1277 1184 1335 Neo·

528 1365 724 1422 caesariensium
754 1363 911 1436 Culalogus,
943 1361 1032 1437 idque
1058 1359 1184 1421 secundo

529 1444 594 1502 loco
604 1445 679 1500 inter
688 1442 830 1520 praesules,
840 1445 998 1508 Germanus,
1008 1441 1139 1506 dicerem,
1149 1459 1184 1497 eo

530 1527 606 1602 quod
625 1526 698 1603 apud
716 1525 835 1582 eandem
849 1523 1035 1600 Coelesyriam
1052 1521 1187 1579 Theodori

530 1609 702 1664 Nicanorurn
723 1607 870 1681 Catulogus
886 1605 1044 1681 Σαλαμάνης
1064 1616 1187 1684 Γερμανι-

518 1691 599 1754 ’κιίας
609 1687 725 1755 habeat,
737 1707 772 1744 ex
782 1688 825 1743 his
839 1686 945 1743 Grecis
958 1696 1023 1743 orta
1032 1684 1119 1742 fuisse
1130 1686 1187 1741 ista

530 1771 627 1826 Selour
642 1771 799 1826 Garrnonus.
821 1767 912 1824 Porro
925 1768 953 1823 in
969 1768 1102 1841 Calalogo
1112 1785 1186 1844 prae-

532 1848 625 1906 sulum
648 1850 794 1926 utriusque
815 1849 917 1925 synodi
935 1848 1130 1905 Antenicaenae
1149 1842 1186 1903 ad

531 1929 637 1988 calcem
648 1931 815 1990 lsirlorianae
823 1930 970 1986 Versionis
980 1928 1123 1985 collocato
1134 1948 1185 1984 ex·

530 2021 584 2079 tat,
600 2013 771 2079 Salonianus,
790 2010 836 2068 vel
855 2005 1022 2077 Soluntinus,
1044 2012 1186 2067 Germani·

530 2097 578 2151 cia
593 2094 674 2151 Coeles
687 2095 782 2168 Syria.
804 2094 859 2150 Sed
873 2092 984 2160 dubito,
1000 2110 1096 2148 annon
1111 2092 1184 2159 haec,

530 2183 560 2231 et
581 2174 694 2241 similia,
717 2175 821 2232 ibidem
842 2175 947 2251 posita,
962 2192 999 2230 ex
1012 2174 1187 2231 Nicanornnt

532 2257 671 2330 Catalogis
684 2256 771 2313 ducta
784 2255 900 2314 fuerint.

145 2335 338 2403 Germana&
465 2368 467 2387 ÷
508 2338 575 2407 For.
590 2348 671 2415 pater
684 2336 832 2403 Nicasius,
848 2345 925 2394 certe
938 2335 1071 2393 Neocaes.
1179 2362 1184 2373 σ

113 2482 115 2487 -
190 2445 289 2510 Porro
304 2445 338 2511 in
353 2445 554 2536 Dionysiana
566 2446 736 2531 Versione,
753 2469 810 2511 seu
824 2445 935 2511 codice
950 2446 1109 2524 Romana,
1122 2443 1186 2509 At:

140 2529 242 2617 plcios'
256 2530 297 2596 ad
320 2530 491 2618 Amphion,
515 2548 549 2598 et
575 2533 749 2597 Germanus
768 2532 808 2598 ad
833 2532 954 2611 Selaus,
972 2532 1078 2618 posita
1099 2544 1186 2614 sunt,

143 2631 299 2707 tanquam
315 2618 342 2682 si
356 2617 446 2684 sedes
462 2618 659 2706 episcopales
674 2620 817 2705 ipsorum
832 2620 967 2684 fuissent
973 2642 983 2698 3
999 2641 1100 2705 quum
1112 2638 1187 2683 vero

144 2716 286 2854 p'uatuor
300 2703 370 2768 haec
388 2706 519 2770 nomina
534 2695 619 2790 clare
639 2706 748 2772 omnia
768 2706 1187 2794 probenturjepiscoporum

184 2790 244 2855 isse
264 2811 304 2854 ex
323 2789 485 2878 Catalogo
505 2806 632 2878 patrum
656 2791 978 2870 Neocaesariensiunr,
993 2804 1027 2856 et
1046 2791 1188 2877 Alphius

143 2875 360 2962 Apameensis
383 2879 609 2963 episcopusin
636 2877 816 2963 Coelesyria
839 2878 923 2942 inter
947 2891 1053 2962 patres
1075 2878 1187 2941 Nicae·

144 2982 206 3026 nos
232 2961 375 3042 sistatur,
400 2963 485 3044 illos,
507 2977 658 3064 tanquam
682 2963 709 3026 si
731 2963 849 3027 luerint
870 2962 1025 3048 episcopi,
1046 2961 1110 3026 isto
1132 2985 1187 3027 or·

145 3046 222 3111 dine
242 3047 450 3114 collocandos
470 3064 590 3135 putavi,
606 3070 740 3113 numero
757 3070 869 3112 eorum
890 3068 971 3112 xrx.
991 3069 1048 3132 pro
1066 3067 1186 3114 xv111.

143 3131 308 3199 lemmatis
322 3134 470 3215 lectione,
483 3136 532 3200 vel
547 3156 646 3200 xv11.
661 3134 750 3222 quod
762 3133 896 3220 Dionys.
933 3134 1050 3209 caelen,
1061 3132 1185 3199 habito.
1250 3187 1252 3193 .

144 3220 196 3283 Ex
207 3219 257 3283 his
268 3233 376 3286 autern
388 3222 577 3308 praesulibus
586 3221 778 3309 Ancyranis,
786 3219 812 3284 si
824 3155 989 3305 Cataldgis
1002 3218 1080 3282 fides
1092 3218 1185 3283 adhi-

144 3304 253 3369 benda
267 3320 328 3386 est,
338 3307 488 3372 undecim
505 3309 726 3372 Neocaesareae
741 3319 968 3383 convenerunt,
982 3303 1107 3382 Vitalis,
1120 3305 1187 3368 Ln-

141 3404 215 3476 pus,
231 3390 264 3455 S.
278 3391 429 3472 Basilina,
444 3392 624 3471 Heraclius,
641 3393 818 3469 Narcissus,
838 3390 996 3469 Leontius,
1012 3390 1186 3481 Longinus,

144 3475 317 3562 Amphion,
328 3477 473 3563 Alphios,
487 3479 594 3544 Selaus
608 3479 669 3562 (vel
683 3477 891 3560 Salaminus),
905 3477 1088 3541 Germanus.
1120 3477 1187 3545 sot

145 3562 213 3627 fere
225 3584 360 3629 numero
372 3565 515 3665 episcopi
528 3565 615 3650 apud
625 3565 773 3629 Nicaeam
784 3563 911 3628 circiter
919 3562 1032 3627 decem
1043 3574 1118 3648 post
1129 3584 1187 3627 an·

145 3669 206 3713 nos
220 3648 253 3713 in
268 3651 452 3736 magnarlla
463 3650 587 3737 synodo
600 3651 822 3715 consederunt.
849 3648 990 3727 Addam,
1004 3672 1077 3735 quae
1090 3649 1187 3713 Seve-

145 3732 236 3800 rinua
245 3734 358 3801 Biuius
370 3736 403 3800 in
414 3737 513 3802 Notis
523 3736 563 3800 ad
573 3737 635 3800 hoc
649 3736 834 3803 Concilium
844 3735 1054 3822 Ancyranum
1065 3735 1185 3820 posuit.

145 3828 168 3861 ‘⁶
185 3821 232 3885 Hi
251 3820 308 3907 qui
327 3822 595 3908 subscripserunt,
611 3823 677 3887 fere
692 3845 805 3907 omnes
819 3821 957 3886 concilio
976 3821 1116 3885 Nicaeno
1135 3820 1186 3884 in-

146 3913 169 3949 “
185 3907 376 3973 terfirerunt.
410 3908 528 3975 Vitalis
549 3908 784 3986 Antiochenus,
807 3929 848 3971 eo
871 3907 959 3994 quod
984 3906 1089 3993 primo
1112 3905 1187 3972 loco

146 3993 310 4078 “positus
325 3993 377 4073 sit,
392 3995 564 4059 concilium
580 3995 643 4058 hoc
658 3995 807 4058 indixisse
822 3993 955 4059 videtur.
992 3990 1187 4078 Agricolaus
1229 3994 1232 3999 ’

145 4084 169 4118 “
184 4079 317 4143 Eusebii
331 4079 544 4144 Caesareensis
564 4081 596 4144 in
614 4080 783 4145 Palaestina
797 4092 979 4144 antecessor
993 4077 1087 4141 fuit.”
1126 4080 1187 4158 (At

146 4163 218 4228 vide
240 4187 314 4252 quae
336 4165 377 4231 ad
399 4167 462 4230 hoc
485 4189 603 4229 nomen
625 4189 721 4254 supra
742 4166 875 4252 signavi,
898 4163 983 4229 unde
1004 4162 1188 4228 concideret

147 4272 250 4317 unum
272 4271 312 4318 ex
329 4252 538 4340 argumentis,
552 4275 625 4340 quae
642 4263 755 4317 contra
774 4249 1024 4339 subscriptiones
1043 4249 1120 4315 istas
1137 4262 1188 4315 at·

618 4357 642 4402 a
655 4353 708 4427 gs
