<?xml version="1.0" encoding="UTF-8"?>
<!DOCTYPE html PUBLIC "-//W3C//DTD XHTML 1.0 Transitional//EN"
    "http://www.w3.org/TR/xhtml1/DTD/xhtml1-transitional.dtd">
<html xmlns="http://www.w3.org/1999/xhtml" xml:lang="en" lang="en">
 <head>
  <title>
</title>
<meta http-equiv="Content-Type" content="text/html;charset=utf-8" />
  <meta name='ocr-system' content='tesseract 3.04.00' />
  <meta name='ocr-capabilities' content='ocr_page ocr_carea ocr_par ocr_line ocrx_word'/>
</head>
<body>
  <div class='ocr_page' id='page_1' title='image "./reliquiaesacrae11routgoog_0480.png"; bbox 0 0 2678 4756; ppageno 0'>
   <div class='ocr_carea' id='block_1_1' title="bbox 295 288 1201 389">
    <p class='ocr_par' dir='ltr' id='par_1_1' title="bbox 295 288 1201 389">
     <span class='ocr_line' id='line_1_1' title="bbox 295 288 1201 389; baseline 0.002 -31"><span class='ocrx_word' id='word_1_1' title='bbox 295 295 349 362; x_wconf 87' lang='lat' dir='ltr'>1n</span> <span class='ocrx_word' id='word_1_2' title='bbox 371 288 583 389; x_wconf 77' lang='lat' dir='ltr'>concini</span> <span class='ocrx_word' id='word_1_3' title='bbox 606 290 816 361; x_wconf 74' lang='lat' dir='ltr'>uaccas.</span> <span class='ocrx_word' id='word_1_4' title='bbox 838 290 1066 361; x_wconf 71' lang='lat' dir='ltr'>canorus.</span> <span class='ocrx_word' id='word_1_5' title='bbox 1137 293 1201 380; x_wconf 75' lang='lat'>4⁶7</span> 
     </span>
    </p>
   </div>
   <div class='ocr_carea' id='block_1_2' title="bbox 102 448 1291 2097">
    <p class='ocr_par' dir='ltr' id='par_1_2' title="bbox 102 448 1291 2097">
     <span class='ocr_line' id='line_1_2' title="bbox 159 448 1201 552; baseline 0 -24"><span class='ocrx_word' id='word_1_6' title='bbox 159 448 347 552; x_wconf 62' lang='lat' dir='ltr'>‘⁸&#39;cuur&#39;qui</span> <span class='ocrx_word' id='word_1_7' title='bbox 368 467 417 530; x_wconf 71' lang='lat' dir='ltr'>ex&#39;</span> <span class='ocrx_word' id='word_1_8' title='bbox 429 464 734 531; x_wconf 82' lang='lat' dir='ltr'><strong>catechumenorum</strong></span> <span class='ocrx_word' id='word_1_9' title='bbox 757 477 807 529; x_wconf 80' lang='lat' dir='ltr'>es&#39;t</span> <span class='ocrx_word' id='word_1_10' title='bbox 828 465 950 542; x_wconf 86' lang='lat' dir='ltr'>ordine,</span> <span class='ocrx_word' id='word_1_11' title='bbox 965 480 999 530; x_wconf 89' lang='lat' dir='ltr'>et</span> <span class='ocrx_word' id='word_1_12' title='bbox 1013 465 1052 529; x_wconf 74' lang='lat' dir='ltr'>in</span> <span class='ocrx_word' id='word_1_13' title='bbox 1074 463 1201 530; x_wconf 78' lang='lat' dir='ltr'>ecclesia</span> 
     </span>
     <span class='ocr_line' id='line_1_3' title="bbox 159 548 1291 639; baseline 0.002 -26"><span class='ocrx_word' id='word_1_14' title='bbox 159 556 185 590; x_wconf 87' lang='lat'>“</span> <span class='ocrx_word' id='word_1_15' title='bbox 199 552 354 616; x_wconf 80' lang='lat' dir='ltr'>orontium</span> <span class='ocrx_word' id='word_1_16' title='bbox 367 553 406 616; x_wconf 86' lang='lat' dir='ltr'>de</span> <span class='ocrx_word' id='word_1_17' title='bbox 417 552 580 639; x_wconf 74' lang='lat' dir='ltr'>geninrliS,</span> <span class='ocrx_word' id='word_1_18' title='bbox 599 555 694 638; x_wconf 85' lang='lat' dir='ltr'>(quos</span> <span class='ocrx_word' id='word_1_19' title='bbox 710 548 880 638; x_wconf 85' lang='lat' dir='ltr'>distinguit</span> <span class='ocrx_word' id='word_1_20' title='bbox 899 553 941 615; x_wconf 87' lang='lat' dir='ltr'>ab</span> <span class='ocrx_word' id='word_1_21' title='bbox 962 552 1024 616; x_wconf 85' lang='lat' dir='ltr'>iliis</span> <span class='ocrx_word' id='word_1_22' title='bbox 1039 553 1094 639; x_wconf 92' lang='lat' dir='ltr'>qui</span> <span class='ocrx_word' id='word_1_23' title='bbox 1108 550 1199 616; x_wconf 92' lang='lat' dir='ltr'>domi</span> <span class='ocrx_word' id='word_1_24' title='bbox 1288 580 1291 587; x_wconf 59' lang='grc'><em>’</em></span> 
     </span>
     <span class='ocr_line' id='line_1_4' title="bbox 158 636 1198 724; baseline 0.002 -24"><span class='ocrx_word' id='word_1_25' title='bbox 158 636 438 702; x_wconf 86' lang='lat' dir='ltr'>“instruebantur</span> <span class='ocrx_word' id='word_1_26' title='bbox 458 658 497 701; x_wconf 82' lang='lat' dir='ltr'>ac</span> <span class='ocrx_word' id='word_1_27' title='bbox 518 639 686 702; x_wconf 86' lang='lat' dir='ltr'>discebant</span> <span class='ocrx_word' id='word_1_28' title='bbox 705 659 745 702; x_wconf 87' lang='lat' dir='ltr'>ea</span> <span class='ocrx_word' id='word_1_29' title='bbox 764 660 836 724; x_wconf 91' lang='lat' dir='ltr'>quae</span> <span class='ocrx_word' id='word_1_30' title='bbox 859 638 1038 716; x_wconf 85' lang='lat' dir='ltr'>sunt-fidei,</span> <span class='ocrx_word' id='word_1_31' title='bbox 1060 638 1198 714; x_wconf 90' lang='lat' dir='ltr'>necdum</span> 
     </span>
     <span class='ocr_line' id='line_1_5' title="bbox 158 723 1198 810; baseline -0.002 -25"><span class='ocrx_word' id='word_1_32' title='bbox 158 723 318 809; x_wconf 87' lang='lat' dir='ltr'>“recepti</span> <span class='ocrx_word' id='word_1_33' title='bbox 343 724 377 787; x_wconf 93' lang='lat' dir='ltr'>in</span> <span class='ocrx_word' id='word_1_34' title='bbox 402 723 549 788; x_wconf 89' lang='lat' dir='ltr'>ordinem</span> <span class='ocrx_word' id='word_1_35' title='bbox 573 724 880 788; x_wconf 66' lang='lat' dir='ltr'>catechumenorum</span> <span class='ocrx_word' id='word_1_36' title='bbox 903 725 936 787; x_wconf 89' lang='lat' dir='ltr'>in</span> <span class='ocrx_word' id='word_1_37' title='bbox 957 724 1092 788; x_wconf 87' lang='lat' dir='ltr'>ecclesia</span> <span class='ocrx_word' id='word_1_38' title='bbox 1115 725 1198 810; x_wconf 91' lang='lat' dir='ltr'>pub.-</span> 
     </span>
     <span class='ocr_line' id='line_1_6' title="bbox 154 807 1198 896; baseline 0.004 -26"><span class='ocrx_word' id='word_1_39' title='bbox 154 811 183 848; x_wconf 76' lang='lat'><strong>“</strong></span> <span class='ocrx_word' id='word_1_40' title='bbox 197 807 260 871; x_wconf 88' lang='lat' dir='ltr'>lice</span> <span class='ocrx_word' id='word_1_41' title='bbox 281 810 455 892; x_wconf 87' lang='lat' dir='ltr'>orantium)</span> <span class='ocrx_word' id='word_1_42' title='bbox 480 811 507 874; x_wconf 85' lang='lat' dir='ltr'>si</span> <span class='ocrx_word' id='word_1_43' title='bbox 528 822 650 895; x_wconf 88' lang='lat' dir='ltr'>peccet,</span> <span class='ocrx_word' id='word_1_44' title='bbox 671 809 712 872; x_wconf 88' lang='lat' dir='ltr'>ad</span> <span class='ocrx_word' id='word_1_45' title='bbox 734 808 908 895; x_wconf 76' lang='grc' dir='ltr'>ἀκροωμίοος</span> <span class='ocrx_word' id='word_1_46' title='bbox 929 811 1061 896; x_wconf 86' lang='lat' dir='ltr'>relegat,</span> <span class='ocrx_word' id='word_1_47' title='bbox 1084 810 1198 889; x_wconf 87' lang='lat' dir='ltr'>idest,</span> 
     </span>
     <span class='ocr_line' id='line_1_7' title="bbox 158 892 1198 983; baseline 0.002 -25"><span class='ocrx_word' id='word_1_48' title='bbox 158 897 182 932; x_wconf 89' lang='lat'>“</span> <span class='ocrx_word' id='word_1_49' title='bbox 195 892 238 958; x_wconf 88' lang='lat' dir='ltr'>ad</span> <span class='ocrx_word' id='word_1_50' title='bbox 259 895 434 959; x_wconf 83' lang='lat' dir='ltr'>secundum</span> <span class='ocrx_word' id='word_1_51' title='bbox 458 894 865 981; x_wconf 83' lang='lat' dir='ltr'>ordinempoenitentium,</span> <span class='ocrx_word' id='word_1_52' title='bbox 882 896 937 982; x_wconf 93' lang='lat' dir='ltr'>qui</span> <span class='ocrx_word' id='word_1_53' title='bbox 956 910 1077 960; x_wconf 89' lang='lat' dir='ltr'>stantes</span> <span class='ocrx_word' id='word_1_54' title='bbox 1098 897 1198 983; x_wconf 91' lang='lat' dir='ltr'>scrip-</span> 
     </span>
     <span class='ocr_line' id='line_1_8' title="bbox 155 980 1197 1068; baseline 0.002 -24"><span class='ocrx_word' id='word_1_55' title='bbox 155 983 180 1019; x_wconf 81' lang='lat'>‘¹</span> <span class='ocrx_word' id='word_1_56' title='bbox 195 993 302 1044; x_wconf 83' lang='lat' dir='ltr'>turam</span> <span class='ocrx_word' id='word_1_57' title='bbox 328 1003 450 1045; x_wconf 87' lang='lat' dir='ltr'>sacram</span> <span class='ocrx_word' id='word_1_58' title='bbox 476 980 659 1045; x_wconf 85' lang='lat' dir='ltr'>audiebant.</span> <span class='ocrx_word' id='word_1_59' title='bbox 704 983 780 1045; x_wconf 93' lang='lat' dir='ltr'>Hoc</span> <span class='ocrx_word' id='word_1_60' title='bbox 804 993 853 1045; x_wconf 89' lang='lat' dir='ltr'>est</span> <span class='ocrx_word' id='word_1_61' title='bbox 874 982 961 1068; x_wconf 93' lang='lat' dir='ltr'>quod</span> <span class='ocrx_word' id='word_1_62' title='bbox 983 982 1061 1046; x_wconf 85' lang='lat' dir='ltr'>dicit</span> <span class='ocrx_word' id='word_1_63' title='bbox 1082 1004 1197 1062; x_wconf 87' lang='lat' dir='ltr'>canon,</span> 
     </span>
     <span class='ocr_line' id='line_1_9' title="bbox 156 1063 1197 1152; baseline 0.003 -24"><span class='ocrx_word' id='word_1_64' title='bbox 156 1063 260 1150; x_wconf 74' lang='lat' dir='ltr'>“yo‘ro</span> <span class='ocrx_word' id='word_1_65' title='bbox 284 1063 403 1145; x_wconf 64' lang='grc' dir='ltr'>κλίνωο,’</span> <span class='ocrx_word' id='word_1_66' title='bbox 419 1067 569 1151; x_wconf 56' lang='lat' dir='ltr'>captabo,</span> <span class='ocrx_word' id='word_1_67' title='bbox 592 1067 625 1131; x_wconf 92' lang='lat' dir='ltr'>id</span> <span class='ocrx_word' id='word_1_68' title='bbox 648 1079 707 1144; x_wconf 90' lang='lat' dir='ltr'>est,</span> <span class='ocrx_word' id='word_1_69' title='bbox 732 1089 807 1131; x_wconf 92' lang='lat' dir='ltr'>cum</span> <span class='ocrx_word' id='word_1_70' title='bbox 835 1067 876 1130; x_wconf 86' lang='lat' dir='ltr'>de</span> <span class='ocrx_word' id='word_1_71' title='bbox 899 1066 1057 1152; x_wconf 83' lang='lat' dir='ltr'>geniculis</span> <span class='ocrx_word' id='word_1_72' title='bbox 1080 1081 1197 1147; x_wconf 86' lang='lat' dir='ltr'>oraret,</span> 
     </span>
     <span class='ocr_line' id='line_1_10' title="bbox 155 1151 1197 1238; baseline 0.004 -24"><span class='ocrx_word' id='word_1_73' title='bbox 155 1153 179 1191; x_wconf 89' lang='lat'><strong>“</strong></span> <span class='ocrx_word' id='word_1_74' title='bbox 194 1152 327 1215; x_wconf 82' lang='lat' dir='ltr'>verbum</span> <span class='ocrx_word' id='word_1_75' title='bbox 347 1167 435 1216; x_wconf 84' lang='lat' dir='ltr'>stans</span> <span class='ocrx_word' id='word_1_76' title='bbox 456 1153 578 1231; x_wconf 85' lang='lat' dir='ltr'>audiat,</span> <span class='ocrx_word' id='word_1_77' title='bbox 592 1167 626 1217; x_wconf 86' lang='lat' dir='ltr'>et</span> <span class='ocrx_word' id='word_1_78' title='bbox 645 1174 704 1237; x_wconf 90' lang='lat' dir='ltr'>pro</span> <span class='ocrx_word' id='word_1_79' title='bbox 722 1151 953 1217; x_wconf 85' lang='lat' dir='ltr'>catechumeno</span> <span class='ocrx_word' id='word_1_80' title='bbox 970 1153 1024 1217; x_wconf 84' lang='lat' dir='ltr'>fiat</span> <span class='ocrx_word' id='word_1_81' title='bbox 1040 1154 1197 1238; x_wconf 85' lang='lat' dir='ltr'>poenitens</span> 
     </span>
     <span class='ocr_line' id='line_1_11' title="bbox 155 1236 1198 1327; baseline 0.002 -27"><span class='ocrx_word' id='word_1_82' title='bbox 155 1241 180 1282; x_wconf 45' lang='grc' dir='ltr'>(ὅ</span> <span class='ocrx_word' id='word_1_83' title='bbox 209 1237 344 1301; x_wconf 88' lang='lat' dir='ltr'>secundi</span> <span class='ocrx_word' id='word_1_84' title='bbox 363 1237 495 1322; x_wconf 87' lang='lat' dir='ltr'>gradus.</span> <span class='ocrx_word' id='word_1_85' title='bbox 538 1240 626 1302; x_wconf 85' lang='lat' dir='ltr'>Nam</span> <span class='ocrx_word' id='word_1_86' title='bbox 650 1239 767 1315; x_wconf 29' lang='lat' dir='ltr'>statim·</span> <span class='ocrx_word' id='word_1_87' title='bbox 785 1238 906 1324; x_wconf 84' lang='lat' dir='ltr'>adjicit,</span> <span class='ocrx_word' id='word_1_88' title='bbox 928 1243 974 1302; x_wconf 79' lang='grc' dir='ltr'>ἐοὶο</span> <span class='ocrx_word' id='word_1_89' title='bbox 996 1236 1024 1301; x_wconf 77' lang='grc' dir='ltr'>δὲ’</span> <span class='ocrx_word' id='word_1_90' title='bbox 1045 1267 1066 1324; x_wconf 73' lang='lat' dir='ltr'>b</span> <span class='ocrx_word' id='word_1_91' title='bbox 1089 1240 1198 1327; x_wconf 67' lang='grc' dir='ltr'>ἀκροώ-</span> 
     </span>
     <span class='ocr_line' id='line_1_12' title="bbox 154 1319 1197 1411; baseline 0.006 -27"><span class='ocrx_word' id='word_1_92' title='bbox 154 1327 179 1361; x_wconf 84' lang='grc'><strong>“</strong></span> <span class='ocrx_word' id='word_1_93' title='bbox 191 1337 271 1404; x_wconf 76' lang='grc' dir='ltr'>μενος</span> <span class='ocrx_word' id='word_1_94' title='bbox 294 1321 333 1385; x_wconf 73' lang='grc' dir='ltr'>ἔτι</span> <span class='ocrx_word' id='word_1_95' title='bbox 357 1319 513 1411; x_wconf 64' lang='grc' dir='ltr'>ἁμορτοίνῃ,</span> <span class='ocrx_word' id='word_1_96' title='bbox 531 1323 701 1402; x_wconf 68' lang='grc' dir='ltr'>ἐξωθείσθω.</span> <span class='ocrx_word' id='word_1_97' title='bbox 742 1324 777 1388; x_wconf 84' lang='lat' dir='ltr'>Si</span> <span class='ocrx_word' id='word_1_98' title='bbox 799 1325 927 1388; x_wconf 83' lang='lat' dir='ltr'>audiens</span> <span class='ocrx_word' id='word_1_99' title='bbox 948 1324 1049 1388; x_wconf 78' lang='lat' dir='ltr'>adduc</span> <span class='ocrx_word' id='word_1_100' title='bbox 1069 1340 1197 1409; x_wconf 83' lang='lat' dir='ltr'>peccare</span> 
     </span>
     <span class='ocr_line' id='line_1_13' title="bbox 154 1409 1198 1499; baseline 0.005 -28"><span class='ocrx_word' id='word_1_101' title='bbox 154 1412 177 1446; x_wconf 88' lang='lat'><strong>“</strong></span> <span class='ocrx_word' id='word_1_102' title='bbox 189 1419 374 1492; x_wconf 81' lang='lat' dir='ltr'>perseveret,</span> <span class='ocrx_word' id='word_1_103' title='bbox 398 1409 431 1472; x_wconf 93' lang='lat' dir='ltr'>id</span> <span class='ocrx_word' id='word_1_104' title='bbox 457 1424 517 1488; x_wconf 88' lang='lat' dir='ltr'>est,</span> <span class='ocrx_word' id='word_1_105' title='bbox 545 1411 576 1474; x_wconf 93' lang='lat' dir='ltr'>in</span> <span class='ocrx_word' id='word_1_106' title='bbox 604 1409 801 1474; x_wconf 89' lang='lat' dir='ltr'>audientium</span> <span class='ocrx_word' id='word_1_107' title='bbox 831 1411 1054 1499; x_wconf 83' lang='lat' dir='ltr'>poenitentium</span> <span class='ocrx_word' id='word_1_108' title='bbox 1084 1410 1198 1476; x_wconf 71' lang='lat' dir='ltr'>&#39;o&#39;rdin&#39;e</span> 
     </span>
     <span class='ocr_line' id='line_1_14' title="bbox 102 1493 1197 1581; baseline 0.005 -25"><span class='ocrx_word' id='word_1_109' title='bbox 102 1507 105 1518; x_wconf 87' lang='grc'><strong>’</strong></span> <span class='ocrx_word' id='word_1_110' title='bbox 154 1498 179 1532; x_wconf 85' lang='grc'><strong>“</strong></span> <span class='ocrx_word' id='word_1_111' title='bbox 192 1507 294 1571; x_wconf 87' lang='lat' dir='ltr'>stans,</span> <span class='ocrx_word' id='word_1_112' title='bbox 305 1493 342 1557; x_wconf 83' lang='lat' dir='ltr'>ab</span> <span class='ocrx_word' id='word_1_113' title='bbox 353 1494 480 1559; x_wconf 80' lang='lat' dir='ltr'>ecclesio</span> <span class='ocrx_word' id='word_1_114' title='bbox 489 1495 660 1580; x_wconf 82' lang='lat' dir='ltr'>ejiciatur.”</span> <span class='ocrx_word' id='word_1_115' title='bbox 681 1496 763 1560; x_wconf 87' lang='lat' dir='ltr'>Haec</span> <span class='ocrx_word' id='word_1_116' title='bbox 777 1497 822 1559; x_wconf 91' lang='lat' dir='ltr'>vir</span> <span class='ocrx_word' id='word_1_117' title='bbox 832 1499 1054 1581; x_wconf 74' lang='lat' dir='ltr'>magnus,&#39;sub</span> <span class='ocrx_word' id='word_1_118' title='bbox 1066 1499 1197 1562; x_wconf 85' lang='lat' dir='ltr'>nomine</span> 
     </span>
     <span class='ocr_line' id='line_1_15' title="bbox 153 1576 1242 1664; baseline 0.006 -22"><span class='ocrx_word' id='word_1_119' title='bbox 153 1576 314 1664; x_wconf 65' lang='lat' dir='ltr'>&gt;Simplicii</span> <span class='ocrx_word' id='word_1_120' title='bbox 329 1580 432 1645; x_wconf 80' lang='lat' dir='ltr'>Varini</span> <span class='ocrx_word' id='word_1_121' title='bbox 443 1580 556 1658; x_wconf 87' lang='lat' dir='ltr'>latens,</span> <span class='ocrx_word' id='word_1_122' title='bbox 570 1581 601 1644; x_wconf 90' lang='lat' dir='ltr'>in</span> <span class='ocrx_word' id='word_1_123' title='bbox 613 1583 766 1646; x_wconf 84' lang='lat' dir='ltr'>Tractatu</span> <span class='ocrx_word' id='word_1_124' title='bbox 776 1583 1053 1646; x_wconf 72' lang='lat' dir='ltr'>Adversus²Grotii</span> <span class='ocrx_word' id='word_1_125' title='bbox 1065 1582 1197 1648; x_wconf 78' lang='lat' dir='ltr'>Librum</span> <span class='ocrx_word' id='word_1_126' title='bbox 1241 1659 1242 1662; x_wconf 8' lang='grc' dir='ltr'><strong>Ἴ</strong></span> 
     </span>
     <span class='ocr_line' id='line_1_16' title="bbox 148 1668 1198 1756; baseline 0.007 -29"><span class='ocrx_word' id='word_1_127' title='bbox 148 1674 344 1748; x_wconf 80' lang='lat' dir='ltr'>postumum,</span> <span class='ocrx_word' id='word_1_128' title='bbox 365 1688 398 1751; x_wconf 90' lang='lat' dir='ltr'>p.</span> <span class='ocrx_word' id='word_1_129' title='bbox 417 1673 587 1744; x_wconf 84' lang='lat'>116-119.</span> <span class='ocrx_word' id='word_1_130' title='bbox 631 1668 781 1753; x_wconf 90' lang='lat' dir='ltr'>Denique</span> <span class='ocrx_word' id='word_1_131' title='bbox 802 1669 842 1731; x_wconf 92' lang='lat' dir='ltr'>de</span> <span class='ocrx_word' id='word_1_132' title='bbox 862 1669 924 1733; x_wconf 85' lang='lat' dir='ltr'>illis</span> <span class='ocrx_word' id='word_1_133' title='bbox 947 1670 1095 1754; x_wconf 86' lang='lat' dir='ltr'>quiante</span> <span class='ocrx_word' id='word_1_134' title='bbox 1118 1672 1198 1756; x_wconf 88' lang='lat' dir='ltr'>bap-</span> 
     </span>
     <span class='ocr_line' id='line_1_17' title="bbox 153 1749 1195 1839; baseline 0.006 -25"><span class='ocrx_word' id='word_1_135' title='bbox 153 1749 290 1814; x_wconf 89' lang='lat' dir='ltr'>tismum</span> <span class='ocrx_word' id='word_1_136' title='bbox 316 1752 543 1838; x_wconf 83' lang='lat' dir='ltr'>peccavissent,</span> <span class='ocrx_word' id='word_1_137' title='bbox 564 1752 774 1838; x_wconf 83' lang='lat' dir='ltr'>quaerendum</span> <span class='ocrx_word' id='word_1_138' title='bbox 799 1755 840 1818; x_wconf 92' lang='lat' dir='ltr'>ad</span> <span class='ocrx_word' id='word_1_139' title='bbox 866 1775 898 1839; x_wconf 87' lang='lat' dir='ltr'>p.</span> <span class='ocrx_word' id='word_1_140' title='bbox 911 1768 981 1818; x_wconf 82' lang='grc'><strong>430.</strong></span> <span class='ocrx_word' id='word_1_141' title='bbox 1007 1753 1195 1822; x_wconf 73' lang='lat' dir='ltr'>Cono‘lur&#39;t</span> 
     </span>
     <span class='ocr_line' id='line_1_18' title="bbox 151 1837 1197 1924; baseline 0.008 -25"><span class='ocrx_word' id='word_1_142' title='bbox 151 1837 378 1914; x_wconf 67' lang='lat' dir='ltr'>Auernum,</span> <span class='ocrx_word' id='word_1_143' title='bbox 392 1838 449 1901; x_wconf 95' lang='lat' dir='ltr'>ubi</span> <span class='ocrx_word' id='word_1_144' title='bbox 464 1837 505 1901; x_wconf 87' lang='lat' dir='ltr'>ad</span> <span class='ocrx_word' id='word_1_145' title='bbox 522 1839 605 1902; x_wconf 89' lang='lat' dir='ltr'>Can.</span> <span class='ocrx_word' id='word_1_146' title='bbox 621 1840 700 1901; x_wconf 84' lang='lat' dir='ltr'><strong>XII.</strong></span> <span class='ocrx_word' id='word_1_147' title='bbox 713 1839 783 1924; x_wconf 90' lang='lat' dir='ltr'>agit</span> <span class='ocrx_word' id='word_1_148' title='bbox 797 1840 838 1904; x_wconf 86' lang='lat' dir='ltr'>de</span> <span class='ocrx_word' id='word_1_149' title='bbox 852 1840 966 1906; x_wconf 89' lang='lat' dir='ltr'>iisdem</span> <span class='ocrx_word' id='word_1_150' title='bbox 981 1841 1123 1904; x_wconf 82' lang='lat' dir='ltr'>Zonaras</span> <span class='ocrx_word' id='word_1_151' title='bbox 1135 1865 1145 1921; x_wconf 85' lang='lat'>3</span> <span class='ocrx_word' id='word_1_152' title='bbox 1158 1841 1197 1907; x_wconf 74' lang='lat' dir='ltr'>‘is</span> 
     </span>
     <span class='ocr_line' id='line_1_19' title="bbox 152 1922 1197 2014; baseline 0.01 -31"><span class='ocrx_word' id='word_1_153' title='bbox 152 1942 241 2004; x_wconf 78' lang='lat' dir='ltr'>vero,</span> <span class='ocrx_word' id='word_1_154' title='bbox 256 1937 293 1986; x_wconf 91' lang='lat' dir='ltr'>ut</span> <span class='ocrx_word' id='word_1_155' title='bbox 312 1923 418 1987; x_wconf 87' lang='lat' dir='ltr'>obiter</span> <span class='ocrx_word' id='word_1_156' title='bbox 436 1922 499 1987; x_wconf 91' lang='lat' dir='ltr'>hoc</span> <span class='ocrx_word' id='word_1_157' title='bbox 520 1937 641 2002; x_wconf 89' lang='lat' dir='ltr'>notem,</span> <span class='ocrx_word' id='word_1_158' title='bbox 656 1925 689 1987; x_wconf 94' lang='lat' dir='ltr'>in</span> <span class='ocrx_word' id='word_1_159' title='bbox 707 1925 969 2011; x_wconf 83' lang='lat' dir='ltr'>interpretatione</span> <span class='ocrx_word' id='word_1_160' title='bbox 988 1948 1046 1989; x_wconf 87' lang='lat' dir='ltr'>sua</span> <span class='ocrx_word' id='word_1_161' title='bbox 1064 1928 1197 2014; x_wconf 86' lang='lat' dir='ltr'>canonis</span> 
     </span>
     <span class='ocr_line' id='line_1_20' title="bbox 152 2008 1194 2097; baseline 0.007 -27"><span class='ocrx_word' id='word_1_162' title='bbox 152 2024 220 2071; x_wconf 82' lang='lat' dir='ltr'>xx.</span> <span class='ocrx_word' id='word_1_163' title='bbox 236 2009 271 2071; x_wconf 91' lang='lat' dir='ltr'>S.</span> <span class='ocrx_word' id='word_1_164' title='bbox 281 2009 403 2088; x_wconf 85' lang='lat' dir='ltr'>Basilii,</span> <span class='ocrx_word' id='word_1_165' title='bbox 418 2008 452 2073; x_wconf 92' lang='lat' dir='ltr'>in</span> <span class='ocrx_word' id='word_1_166' title='bbox 473 2031 513 2074; x_wconf 89' lang='lat' dir='ltr'>eo</span> <span class='ocrx_word' id='word_1_167' title='bbox 533 2024 685 2087; x_wconf 84' lang='lat' dir='ltr'>versatur,</span> <span class='ocrx_word' id='word_1_168' title='bbox 701 2020 739 2074; x_wconf 92' lang='lat' dir='ltr'>ut</span> <span class='ocrx_word' id='word_1_169' title='bbox 752 2026 948 2075; x_wconf 82' lang='lat' dir='ltr'>asserentem</span> <span class='ocrx_word' id='word_1_170' title='bbox 961 2027 1086 2097; x_wconf 88' lang='lat' dir='ltr'>patrem</span> <span class='ocrx_word' id='word_1_171' title='bbox 1101 2013 1194 2077; x_wconf 86' lang='lat' dir='ltr'>illum</span> 
     </span>
    </p>
   </div>
   <div class='ocr_carea' id='block_1_3' title="bbox 150 2091 1318 2190">
    <p class='ocr_par' dir='ltr' id='par_1_3' title="bbox 150 2091 1318 2190">
     <span class='ocr_line' id='line_1_21' title="bbox 150 2091 1318 2190; baseline 0.003 -35"><span class='ocrx_word' id='word_1_172' title='bbox 150 2091 192 2184; x_wconf 83' lang='lat' dir='ltr'>in</span> <span class='ocrx_word' id='word_1_173' title='bbox 202 2091 364 2178; x_wconf 86' lang='lat' dir='ltr'>judicium</span> <span class='ocrx_word' id='word_1_174' title='bbox 386 2117 452 2159; x_wconf 92' lang='lat' dir='ltr'>non</span> <span class='ocrx_word' id='word_1_175' title='bbox 473 2098 578 2162; x_wconf 86' lang='lat' dir='ltr'>vocari</span> <span class='ocrx_word' id='word_1_176' title='bbox 602 2096 909 2161; x_wconf 86' lang='lat' dir='ltr'>catechumenorum</span> <span class='ocrx_word' id='word_1_177' title='bbox 928 2117 1044 2175; x_wconf 85' lang='lat' dir='ltr'>mores,</span> <span class='ocrx_word' id='word_1_178' title='bbox 1064 2097 1127 2162; x_wconf 90' lang='lat' dir='ltr'>hoc</span> <span class='ocrx_word' id='word_1_179' title='bbox 1146 2114 1217 2190; x_wconf 14' lang='lat' dir='ltr'>estu¹</span> <span class='ocrx_word' id='word_1_180' title='bbox 1316 2144 1318 2149; x_wconf 83' lang='lat'><em>.</em></span> 
     </span>
    </p>
   </div>
   <div class='ocr_carea' id='block_1_4' title="bbox 149 2180 1194 2332">
    <p class='ocr_par' dir='ltr' id='par_1_4' title="bbox 149 2180 1194 2332">
     <span class='ocr_line' id='line_1_22' title="bbox 149 2180 1194 2329; baseline 0.01 -88"><span class='ocrx_word' id='word_1_181' title='bbox 149 2190 229 2263; x_wconf 88' lang='lat' dir='ltr'>post</span> <span class='ocrx_word' id='word_1_182' title='bbox 253 2192 419 2329; x_wconf 68' lang='lat' dir='ltr'>peracltum</span> <span class='ocrx_word' id='word_1_183' title='bbox 441 2180 651 2270; x_wconf 86' lang='lat' dir='ltr'>baptismum,</span> <span class='ocrx_word' id='word_1_184' title='bbox 675 2204 752 2247; x_wconf 90' lang='lat' dir='ltr'>cum</span> <span class='ocrx_word' id='word_1_185' title='bbox 774 2182 1028 2248; x_wconf 84' lang='lat' dir='ltr'>Neocaesariensi</span> <span class='ocrx_word' id='word_1_186' title='bbox 1052 2182 1116 2248; x_wconf 85' lang='lat' dir='ltr'>hec</span> <span class='ocrx_word' id='word_1_187' title='bbox 1137 2206 1194 2250; x_wconf 86' lang='lat' dir='ltr'>ca-</span> 
     </span>
     <span class='ocr_line' id='line_1_23' title="bbox 150 2277 1194 2332; baseline 0.011 -5"><span class='ocrx_word' id='word_1_188' title='bbox 150 2284 237 2329; x_wconf 88' lang='lat' dir='ltr'>none</span> <span class='ocrx_word' id='word_1_189' title='bbox 252 2286 344 2330; x_wconf 86' lang='lat' dir='ltr'>conor</span> <span class='ocrx_word' id='word_1_190' title='bbox 358 2279 414 2332; x_wconf 84' lang='lat' dir='ltr'>ret.</span> <span class='ocrx_word' id='word_1_191' title='bbox 1191 2277 1194 2284; x_wconf 89' lang='lat'>&#39;</span> 
     </span>
    </p>
   </div>
   <div class='ocr_carea' id='block_1_5' title="bbox 547 2469 801 2540">
    <p class='ocr_par' dir='ltr' id='par_1_5' title="bbox 547 2469 801 2540">
     <span class='ocr_line' id='line_1_24' title="bbox 547 2469 801 2540; baseline 0.012 -5"><span class='ocrx_word' id='word_1_192' title='bbox 547 2469 714 2538; x_wconf 88' lang='lat' dir='ltr'>CANON</span> <span class='ocrx_word' id='word_1_193' title='bbox 739 2472 801 2540; x_wconf 90' lang='lat' dir='ltr'>VI.</span> 
     </span>
    </p>
   </div>
   <div class='ocr_carea' id='block_1_6' title="bbox 114 2604 1256 4387">
    <p class='ocr_par' dir='ltr' id='par_1_6' title="bbox 147 2604 1195 2841">
     <span class='ocr_line' id='line_1_25' title="bbox 168 2604 1195 2696; baseline 0.009 -28"><span class='ocrx_word' id='word_1_194' title='bbox 168 2627 171 2637; x_wconf 89' lang='lat'>·</span> <span class='ocrx_word' id='word_1_195' title='bbox 194 2605 229 2668; x_wconf 88' lang='lat' dir='ltr'>P.</span> <span class='ocrx_word' id='word_1_196' title='bbox 241 2617 312 2684; x_wconf 77' lang='lat'>459.</span> <span class='ocrx_word' id='word_1_197' title='bbox 329 2604 352 2670; x_wconf 90' lang='lat' dir='ltr'>l.</span> <span class='ocrx_word' id='word_1_198' title='bbox 364 2619 395 2671; x_wconf 82' lang='lat'>2.</span> <span class='ocrx_word' id='word_1_199' title='bbox 416 2605 489 2692; x_wconf 74' lang='lat' dir='ltr'>ssepi</span> <span class='ocrx_word' id='word_1_200' title='bbox 505 2604 683 2693; x_wconf 77' lang='grc' dir='ltr'>κυοφοροίοης,</span> <span class='ocrx_word' id='word_1_201' title='bbox 696 2605 738 2670; x_wconf 75' lang='grc' dir='ltr'>ὅτι</span> <span class='ocrx_word' id='word_1_202' title='bbox 752 2609 792 2670; x_wconf 78' lang='grc' dir='ltr'>δεῖ</span> <span class='ocrx_word' id='word_1_203' title='bbox 807 2608 976 2690; x_wconf 74' lang='grc' dir='ltr'>φωτίζεσθαι</span> <span class='ocrx_word' id='word_1_204' title='bbox 992 2607 1068 2696; x_wconf 82' lang='lat' dir='ltr'>&amp;c.]</span> <span class='ocrx_word' id='word_1_205' title='bbox 1084 2610 1195 2677; x_wconf 86' lang='lat' dir='ltr'>Cano·</span> 
     </span>
     <span class='ocr_line' id='line_1_26' title="bbox 147 2690 1195 2840; baseline 0.01 -86"><span class='ocrx_word' id='word_1_206' title='bbox 147 2690 380 2840; x_wconf 54' lang='lat' dir='ltr'>uipl&#39;synopsin,</span> <span class='ocrx_word' id='word_1_207' title='bbox 395 2692 500 2778; x_wconf 86' lang='lat' dir='ltr'>magis</span> <span class='ocrx_word' id='word_1_208' title='bbox 515 2714 610 2780; x_wconf 87' lang='lat' dir='ltr'>quarn</span> <span class='ocrx_word' id='word_1_209' title='bbox 633 2692 703 2780; x_wconf 84' lang='lat' dir='ltr'>ipsa</span> <span class='ocrx_word' id='word_1_210' title='bbox 724 2694 856 2758; x_wconf 83' lang='lat' dir='ltr'>canonis</span> <span class='ocrx_word' id='word_1_211' title='bbox 877 2695 983 2775; x_wconf 84' lang='lat' dir='ltr'>verba,</span> <span class='ocrx_word' id='word_1_212' title='bbox 997 2695 1061 2761; x_wconf 91' lang='lat' dir='ltr'>hoc</span> <span class='ocrx_word' id='word_1_213' title='bbox 1082 2698 1195 2786; x_wconf 87' lang='lat' dir='ltr'>sapere</span> 
     </span>
     <span class='ocr_line' id='line_1_27' title="bbox 148 2785 296 2841; baseline 0.007 -1"><span class='ocrx_word' id='word_1_214' title='bbox 148 2785 184 2840; x_wconf 74' lang='lat' dir='ltr'>Vs</span> <span class='ocrx_word' id='word_1_215' title='bbox 201 2789 296 2841; x_wconf 55' lang='lat' dir='ltr'>eiust</span> 
     </span>
    </p>

    <p class='ocr_par' dir='ltr' id='par_1_7' title="bbox 148 2836 1194 3038">
     <span class='ocr_line' id='line_1_28' title="bbox 194 2836 1194 2950; baseline 0.007 -25"><span class='ocrx_word' id='word_1_216' title='bbox 194 2848 347 2927; x_wconf 72' lang='lat' dir='ltr'>unna</span> <span class='ocrx_word' id='word_1_217' title='bbox 369 2865 415 2926; x_wconf 72' lang='lat' dir='ltr'>ns</span> <span class='ocrx_word' id='word_1_218' title='bbox 431 2862 461 2928; x_wconf 72' lang='lat' dir='ltr'>a</span> <span class='ocrx_word' id='word_1_219' title='bbox 477 2836 649 2935; x_wconf 57' lang='lat' dir='ltr'>nanum</span> <span class='ocrx_word' id='word_1_220' title='bbox 666 2863 742 2950; x_wconf 65' lang='lat' dir='ltr'>aa]</span> <span class='ocrx_word' id='word_1_221' title='bbox 757 2864 809 2928; x_wconf 79' lang='grc' dir='ltr'>Αο</span> <span class='ocrx_word' id='word_1_222' title='bbox 827 2864 951 2929; x_wconf 74' lang='lat' dir='ltr'>ueram</span> <span class='ocrx_word' id='word_1_223' title='bbox 967 2879 1080 2945; x_wconf 70' lang='lat' dir='ltr'>venas,</span> <span class='ocrx_word' id='word_1_224' title='bbox 1096 2867 1194 2933; x_wconf 78' lang='lat' dir='ltr'>nnn</span> 
     </span>
     <span class='ocr_line' id='line_1_29' title="bbox 148 2946 1192 3038; baseline 0.004 -25"><span class='ocrx_word' id='word_1_225' title='bbox 148 2946 236 3013; x_wconf 72' lang='lat' dir='ltr'>mian</span> <span class='ocrx_word' id='word_1_226' title='bbox 261 2947 294 3011; x_wconf 80' lang='lat' dir='ltr'>in</span> <span class='ocrx_word' id='word_1_227' title='bbox 321 2949 380 3013; x_wconf 81' lang='grc' dir='ltr'>ίοοο</span> <span class='ocrx_word' id='word_1_228' title='bbox 404 2947 528 3036; x_wconf 81' lang='lat' dir='ltr'>quidam</span> <span class='ocrx_word' id='word_1_229' title='bbox 553 2971 587 3011; x_wconf 86' lang='lat' dir='ltr'>rc</span> <span class='ocrx_word' id='word_1_230' title='bbox 612 2971 769 3031; x_wconf 83' lang='lat' dir='ltr'>commune</span> <span class='ocrx_word' id='word_1_231' title='bbox 794 2950 885 3013; x_wconf 75' lang='lat' dir='ltr'>habet</span> <span class='ocrx_word' id='word_1_232' title='bbox 910 2950 970 3014; x_wconf 75' lang='lat' dir='ltr'>itta</span> <span class='ocrx_word' id='word_1_233' title='bbox 999 2971 1073 3038; x_wconf 83' lang='lat' dir='ltr'>quoe</span> <span class='ocrx_word' id='word_1_234' title='bbox 1101 2954 1192 3038; x_wconf 83' lang='lat' dir='ltr'>parit</span> 
     </span>
    </p>

    <p class='ocr_par' dir='ltr' id='par_1_8' title="bbox 128 3033 1199 3545">
     <span class='ocr_line' id='line_1_30' title="bbox 128 3033 1192 3124; baseline 0.006 -29"><span class='ocrx_word' id='word_1_235' title='bbox 128 3077 132 3084; x_wconf 84' lang='lat'>-</span> <span class='ocrx_word' id='word_1_236' title='bbox 149 3053 221 3096; x_wconf 82' lang='lat' dir='ltr'>curn</span> <span class='ocrx_word' id='word_1_237' title='bbox 237 3046 337 3118; x_wconf 83' lang='lat' dir='ltr'>portu·</span> <span class='ocrx_word' id='word_1_238' title='bbox 348 3054 414 3115; x_wconf 83' lang='lat' dir='ltr'>suo,</span> <span class='ocrx_word' id='word_1_239' title='bbox 430 3033 575 3121; x_wconf 80' lang='lat' dir='ltr'>quonium</span> <span class='ocrx_word' id='word_1_240' title='bbox 588 3035 748 3121; x_wconf 76' lang='lat' dir='ltr'>proprium</span> <span class='ocrx_word' id='word_1_241' title='bbox 762 3036 910 3121; x_wconf 81' lang='lat' dir='ltr'>cujusque</span> <span class='ocrx_word' id='word_1_242' title='bbox 923 3036 1101 3101; x_wconf 80' lang='lat' dir='ltr'>declaratur</span> <span class='ocrx_word' id='word_1_243' title='bbox 1114 3054 1192 3124; x_wconf 83' lang='lat' dir='ltr'>pro·</span> 
     </span>
     <span class='ocr_line' id='line_1_31' title="bbox 144 3119 1192 3205; baseline 0.007 -25"><span class='ocrx_word' id='word_1_244' title='bbox 144 3119 285 3202; x_wconf 80' lang='lat' dir='ltr'>positam</span> <span class='ocrx_word' id='word_1_245' title='bbox 307 3119 390 3184; x_wconf 78' lang='lat' dir='ltr'>illud</span> <span class='ocrx_word' id='word_1_246' title='bbox 413 3121 497 3205; x_wconf 83' lang='lat' dir='ltr'>opud</span> <span class='ocrx_word' id='word_1_247' title='bbox 519 3119 751 3205; x_wconf 70' lang='lat' dir='ltr'>professionem.</span> <span class='ocrx_word' id='word_1_248' title='bbox 796 3121 923 3184; x_wconf 85' lang='lat' dir='ltr'>Etenim</span> <span class='ocrx_word' id='word_1_249' title='bbox 948 3123 1119 3188; x_wconf 85' lang='lat' dir='ltr'>articulum</span> <span class='ocrx_word' id='word_1_250' title='bbox 1142 3129 1192 3203; x_wconf 74' lang='grc' dir='ltr'>τὴν</span> 
     </span>
     <span class='ocr_line' id='line_1_32' title="bbox 150 3205 1199 3292; baseline 0.008 -26"><span class='ocrx_word' id='word_1_251' title='bbox 150 3217 226 3268; x_wconf 89' lang='lat' dir='ltr'>ante</span> <span class='ocrx_word' id='word_1_252' title='bbox 251 3207 295 3268; x_wconf 79' lang='grc' dir='ltr'>ἐπί</span> <span class='ocrx_word' id='word_1_253' title='bbox 321 3220 475 3292; x_wconf 87' lang='lat' dir='ltr'>praestant</span> <span class='ocrx_word' id='word_1_254' title='bbox 500 3226 575 3269; x_wconf 91' lang='lat' dir='ltr'>cum</span> <span class='ocrx_word' id='word_1_255' title='bbox 600 3205 687 3284; x_wconf 82' lang='lat' dir='ltr'>editi,</span> <span class='ocrx_word' id='word_1_256' title='bbox 710 3213 877 3270; x_wconf 75' lang='lat' dir='ltr'>tum&#39;ncro</span> <span class='ocrx_word' id='word_1_257' title='bbox 899 3207 1066 3278; x_wconf 81' lang='lat' dir='ltr'>Bodleicnr&#39;</span> <span class='ocrx_word' id='word_1_258' title='bbox 1088 3226 1199 3274; x_wconf 75' lang='lat' dir='ltr'>ornnes-</span> 
     </span>
     <span class='ocr_line' id='line_1_33' title="bbox 148 3290 1188 3373; baseline 0.008 -21"><span class='ocrx_word' id='word_1_259' title='bbox 148 3300 268 3373; x_wconf 89' lang='lat' dir='ltr'>praeter</span> <span class='ocrx_word' id='word_1_260' title='bbox 291 3291 367 3355; x_wconf 84' lang='lat' dir='ltr'>duos</span> <span class='ocrx_word' id='word_1_261' title='bbox 389 3292 462 3357; x_wconf 90' lang='lat' dir='ltr'>illos</span> <span class='ocrx_word' id='word_1_262' title='bbox 483 3305 552 3355; x_wconf 84' lang='lat'><strong>205.</strong></span> <span class='ocrx_word' id='word_1_263' title='bbox 576 3304 610 3356; x_wconf 88' lang='lat' dir='ltr'>et</span> <span class='ocrx_word' id='word_1_264' title='bbox 634 3305 701 3355; x_wconf 83' lang='lat'>158.</span> <span class='ocrx_word' id='word_1_265' title='bbox 751 3290 907 3356; x_wconf 85' lang='lat' dir='ltr'>Conferas</span> <span class='ocrx_word' id='word_1_266' title='bbox 928 3292 969 3358; x_wconf 90' lang='lat' dir='ltr'>cl.</span> <span class='ocrx_word' id='word_1_267' title='bbox 993 3293 1071 3358; x_wconf 85' lang='lat' dir='ltr'>Gul.</span> <span class='ocrx_word' id='word_1_268' title='bbox 1085 3296 1188 3360; x_wconf 90' lang='lat' dir='ltr'>Wall.</span> 
     </span>
     <span class='ocr_line' id='line_1_34' title="bbox 150 3373 1187 3465; baseline 0.009 -28"><span class='ocrx_word' id='word_1_269' title='bbox 150 3373 239 3438; x_wconf 77' lang='lat' dir='ltr'>fflst.</span> <span class='ocrx_word' id='word_1_270' title='bbox 261 3376 509 3462; x_wconf 77' lang='lat' dir='ltr'>Poedodoptisnri</span> <span class='ocrx_word' id='word_1_271' title='bbox 535 3377 674 3462; x_wconf 88' lang='lat' dir='ltr'>Anglica</span> <span class='ocrx_word' id='word_1_272' title='bbox 693 3377 808 3462; x_wconf 87' lang='lat' dir='ltr'>lingua</span> <span class='ocrx_word' id='word_1_273' title='bbox 831 3379 1057 3465; x_wconf 85' lang='lat' dir='ltr'>conscriptam,</span> <span class='ocrx_word' id='word_1_274' title='bbox 1082 3382 1144 3445; x_wconf 89' lang='lat' dir='ltr'>vol.</span> <span class='ocrx_word' id='word_1_275' title='bbox 1166 3383 1187 3446; x_wconf 94' lang='lat' dir='ltr'>i.</span> 
     </span>
     <span class='ocr_line' id='line_1_35' title="bbox 148 3462 980 3545; baseline 0.005 -22"><span class='ocrx_word' id='word_1_276' title='bbox 148 3481 183 3545; x_wconf 86' lang='lat' dir='ltr'>p.</span> <span class='ocrx_word' id='word_1_277' title='bbox 194 3467 245 3524; x_wconf 73' lang='lat'>63.</span> <span class='ocrx_word' id='word_1_278' title='bbox 260 3484 279 3525; x_wconf 84' lang='lat' dir='ltr'>a</span> <span class='ocrx_word' id='word_1_279' title='bbox 292 3462 460 3527; x_wconf 86' lang='lat' dir='ltr'>Johnsono</span> <span class='ocrx_word' id='word_1_280' title='bbox 477 3463 517 3526; x_wconf 88' lang='lat' dir='ltr'>ad</span> <span class='ocrx_word' id='word_1_281' title='bbox 532 3462 618 3527; x_wconf 91' lang='lat' dir='ltr'>hunc</span> <span class='ocrx_word' id='word_1_282' title='bbox 634 3485 791 3527; x_wconf 83' lang='lat' dir='ltr'>canonem</span> <span class='ocrx_word' id='word_1_283' title='bbox 805 3463 980 3538; x_wconf 84' lang='lat' dir='ltr'>laudatam.</span> 
     </span>
    </p>

    <p class='ocr_par' dir='ltr' id='par_1_9' title="bbox 114 3545 1256 4150">
     <span class='ocr_line' id='line_1_36' title="bbox 114 3545 1194 3634; baseline 0.009 -26"><span class='ocrx_word' id='word_1_284' title='bbox 114 3568 117 3573; x_wconf 90' lang='lat'>·</span> <span class='ocrx_word' id='word_1_285' title='bbox 194 3545 278 3610; x_wconf 83' lang='lat' dir='ltr'>lbid.</span> <span class='ocrx_word' id='word_1_286' title='bbox 291 3547 354 3611; x_wconf 80' lang='lat' dir='ltr'><strong>l.4.</strong></span> <span class='ocrx_word' id='word_1_287' title='bbox 368 3553 417 3628; x_wconf 78' lang='grc' dir='ltr'>τὴν</span> <span class='ocrx_word' id='word_1_288' title='bbox 432 3550 475 3611; x_wconf 74' lang='grc' dir='ltr'>ἐπὶ</span> <span class='ocrx_word' id='word_1_289' title='bbox 487 3553 520 3634; x_wconf 75' lang='grc' dir='ltr'>τῇ</span> <span class='ocrx_word' id='word_1_290' title='bbox 534 3547 686 3634; x_wconf 77' lang='grc' dir='ltr'>ὁμολογίᾳ]</span> <span class='ocrx_word' id='word_1_291' title='bbox 700 3549 721 3614; x_wconf 86' lang='lat' dir='ltr'>J</span> <span class='ocrx_word' id='word_1_292' title='bbox 723 3562 842 3613; x_wconf 87' lang='lat' dir='ltr'>oannes</span> <span class='ocrx_word' id='word_1_293' title='bbox 854 3550 1008 3613; x_wconf 86' lang='lat' dir='ltr'>Antiocb.</span> <span class='ocrx_word' id='word_1_294' title='bbox 1023 3549 1073 3615; x_wconf 89' lang='lat' dir='ltr'>tit.</span> <span class='ocrx_word' id='word_1_295' title='bbox 1085 3553 1194 3629; x_wconf 63' lang='lat' dir='ltr'>xxxvi„</span> 
     </span>
     <span class='ocr_line' id='line_1_37' title="bbox 148 3630 1256 3720; baseline 0.008 -24"><span class='ocrx_word' id='word_1_296' title='bbox 148 3630 248 3697; x_wconf 80' lang='lat' dir='ltr'>babet</span> <span class='ocrx_word' id='word_1_297' title='bbox 268 3637 316 3710; x_wconf 74' lang='grc' dir='ltr'>τὴν</span> <span class='ocrx_word' id='word_1_298' title='bbox 337 3635 380 3696; x_wconf 75' lang='lat' dir='ltr'>iri</span> <span class='ocrx_word' id='word_1_299' title='bbox 400 3640 434 3720; x_wconf 68' lang='grc' dir='ltr'>τῇ</span> <span class='ocrx_word' id='word_1_300' title='bbox 455 3635 598 3720; x_wconf 71' lang='grc' dir='ltr'>μετανοίᾳ,</span> <span class='ocrx_word' id='word_1_301' title='bbox 620 3634 677 3712; x_wconf 79' lang='grc' dir='ltr'>ἤτοι</span> <span class='ocrx_word' id='word_1_302' title='bbox 702 3634 853 3720; x_wconf 54' lang='lat' dir='ltr'>ductoria·</span> <span class='ocrx_word' id='word_1_303' title='bbox 878 3636 1081 3717; x_wconf 61' lang='lat' dir='ltr'>HARDULN.</span> <span class='ocrx_word' id='word_1_304' title='bbox 1126 3640 1190 3704; x_wconf 88' lang='lat' dir='ltr'>Al·</span> <span class='ocrx_word' id='word_1_305' title='bbox 1253 3685 1256 3693; x_wconf 93' lang='lat'><em>·</em></span> 
     </span>
     <span class='ocr_line' id='line_1_38' title="bbox 147 3717 1188 3807; baseline 0.009 -26"><span class='ocrx_word' id='word_1_306' title='bbox 147 3717 343 3803; x_wconf 79' lang='lat' dir='ltr'>baspinaeus,</span> <span class='ocrx_word' id='word_1_307' title='bbox 358 3720 391 3782; x_wconf 92' lang='lat' dir='ltr'>in</span> <span class='ocrx_word' id='word_1_308' title='bbox 403 3720 497 3783; x_wconf 82' lang='lat' dir='ltr'>Notis</span> <span class='ocrx_word' id='word_1_309' title='bbox 512 3718 544 3782; x_wconf 82' lang='lat' dir='ltr'>in</span> <span class='ocrx_word' id='word_1_310' title='bbox 560 3719 707 3805; x_wconf 83' lang='lat' dir='ltr'>quosdam</span> <span class='ocrx_word' id='word_1_311' title='bbox 720 3720 858 3784; x_wconf 76' lang='grc' dir='ltr'>Οοοοοοοοο</span> <span class='ocrx_word' id='word_1_312' title='bbox 872 3720 1076 3787; x_wconf 73' lang='lat' dir='ltr'>Conciliorrc&#39;r&#39;r&#39;r&#39;</span> <span class='ocrx_word' id='word_1_313' title='bbox 1087 3723 1188 3807; x_wconf 71' lang='lat' dir='ltr'>Arica,</span> 
     </span>
     <span class='ocr_line' id='line_1_39' title="bbox 147 3803 1188 3894; baseline 0.009 -28"><span class='ocrx_word' id='word_1_314' title='bbox 147 3803 190 3868; x_wconf 85' lang='lat' dir='ltr'>ad</span> <span class='ocrx_word' id='word_1_315' title='bbox 211 3803 267 3867; x_wconf 88' lang='lat' dir='ltr'>fin.</span> <span class='ocrx_word' id='word_1_316' title='bbox 288 3804 463 3870; x_wconf 72' lang='lat' dir='ltr'>Observata</span> <span class='ocrx_word' id='word_1_317' title='bbox 483 3805 515 3868; x_wconf 83' lang='lat' dir='ltr'>in</span> <span class='ocrx_word' id='word_1_318' title='bbox 533 3806 599 3870; x_wconf 82' lang='lat' dir='ltr'>Vct.</span> <span class='ocrx_word' id='word_1_319' title='bbox 613 3803 734 3869; x_wconf 77' lang='grc' dir='ltr'>Εοοίοο.</span> <span class='ocrx_word' id='word_1_320' title='bbox 753 3805 863 3870; x_wconf 74' lang='lat' dir='ltr'>Ritus:</span> <span class='ocrx_word' id='word_1_321' title='bbox 888 3813 910 3845; x_wconf 89' lang='lat'><strong>“</strong></span> <span class='ocrx_word' id='word_1_322' title='bbox 928 3806 1012 3893; x_wconf 82' lang='lat' dir='ltr'>Quia</span> <span class='ocrx_word' id='word_1_323' title='bbox 1026 3806 1188 3894; x_wconf 74' lang='lat' dir='ltr'>proprium</span> 
     </span>
     <span class='ocr_line' id='line_1_40' title="bbox 148 3889 1189 3979; baseline 0.009 -27"><span class='ocrx_word' id='word_1_324' title='bbox 148 3889 424 3978; x_wconf 76' lang='lat' dir='ltr'>“uniuscnjusque</span> <span class='ocrx_word' id='word_1_325' title='bbox 441 3889 644 3976; x_wconf 78' lang='lat' dir='ltr'>propositum,</span> <span class='ocrx_word' id='word_1_326' title='bbox 658 3891 699 3954; x_wconf 88' lang='lat' dir='ltr'>de</span> <span class='ocrx_word' id='word_1_327' title='bbox 714 3890 776 3954; x_wconf 87' lang='lat' dir='ltr'>fide</span> <span class='ocrx_word' id='word_1_328' title='bbox 798 3892 1078 3979; x_wconf 84' lang='lat' dir='ltr'>interrogabantur</span> <span class='ocrx_word' id='word_1_329' title='bbox 1099 3910 1189 3962; x_wconf 85' lang='lat' dir='ltr'>cate·</span> 
     </span>
     <span class='ocr_line' id='line_1_41' title="bbox 148 3975 1192 4064; baseline 0.008 -26"><span class='ocrx_word' id='word_1_330' title='bbox 148 3980 172 4015; x_wconf 89' lang='lat'><strong>“</strong></span> <span class='ocrx_word' id='word_1_331' title='bbox 187 3975 341 4041; x_wconf 87' lang='lat' dir='ltr'>chumcni</span> <span class='ocrx_word' id='word_1_332' title='bbox 362 3991 532 4062; x_wconf 88' lang='lat' dir='ltr'>antequam</span> <span class='ocrx_word' id='word_1_333' title='bbox 550 3976 804 4062; x_wconf 82' lang='lat' dir='ltr'>baptisarcntur3</span> <span class='ocrx_word' id='word_1_334' title='bbox 828 4000 933 4064; x_wconf 90' lang='lat' dir='ltr'>neque</span> <span class='ocrx_word' id='word_1_335' title='bbox 954 3980 1046 4042; x_wconf 90' lang='lat' dir='ltr'>aliter</span> <span class='ocrx_word' id='word_1_336' title='bbox 1060 3981 1101 4046; x_wconf 89' lang='lat' dir='ltr'>ad</span> <span class='ocrx_word' id='word_1_337' title='bbox 1115 3983 1192 4046; x_wconf 87' lang='lat' dir='ltr'>fon-</span> 
     </span>
     <span class='ocr_line' id='line_1_42' title="bbox 146 4061 1187 4150; baseline 0.009 -26"><span class='ocrx_word' id='word_1_338' title='bbox 146 4067 170 4099; x_wconf 83' lang='lat'>⁴‘</span> <span class='ocrx_word' id='word_1_339' title='bbox 185 4072 252 4125; x_wconf 87' lang='lat' dir='ltr'>tem</span> <span class='ocrx_word' id='word_1_340' title='bbox 273 4061 389 4126; x_wconf 86' lang='lat' dir='ltr'>lavacri</span> <span class='ocrx_word' id='word_1_341' title='bbox 409 4062 569 4126; x_wconf 81' lang='lat' dir='ltr'>admissos</span> <span class='ocrx_word' id='word_1_342' title='bbox 589 4061 737 4148; x_wconf 71' lang='lat' dir='ltr'>reperim,</span> <span class='ocrx_word' id='word_1_343' title='bbox 763 4062 824 4127; x_wconf 89' lang='lat' dir='ltr'>nisi</span> <span class='ocrx_word' id='word_1_344' title='bbox 847 4063 917 4150; x_wconf 88' lang='lat' dir='ltr'>ejus</span> <span class='ocrx_word' id='word_1_345' title='bbox 944 4065 1100 4129; x_wconf 88' lang='lat' dir='ltr'>rationem</span> <span class='ocrx_word' id='word_1_346' title='bbox 1127 4069 1187 4133; x_wconf 89' lang='lat' dir='ltr'>ali·</span> 
     </span>
    </p>

    <p class='ocr_par' dir='ltr' id='par_1_10' title="bbox 123 4146 1187 4383">
     <span class='ocr_line' id='line_1_43' title="bbox 123 4146 1187 4234; baseline 0.007 -24"><span class='ocrx_word' id='word_1_347' title='bbox 123 4149 172 4185; x_wconf 71' lang='lat'>“‘</span> <span class='ocrx_word' id='word_1_348' title='bbox 185 4159 284 4232; x_wconf 87' lang='lat' dir='ltr'>quam</span> <span class='ocrx_word' id='word_1_349' title='bbox 300 4146 531 4223; x_wconf 88' lang='lat' dir='ltr'>reddidissent;</span> <span class='ocrx_word' id='word_1_350' title='bbox 555 4147 750 4234; x_wconf 82' lang='lat' dir='ltr'>interrogant</span> <span class='ocrx_word' id='word_1_351' title='bbox 766 4170 814 4212; x_wconf 84' lang='lat' dir='ltr'>eos</span> <span class='ocrx_word' id='word_1_352' title='bbox 829 4159 946 4213; x_wconf 75' lang='lat' dir='ltr'>nostrae</span> <span class='ocrx_word' id='word_1_353' title='bbox 982 4148 1187 4218; x_wconf 70' lang='lat' dir='ltr'>deiracerdc-</span> 
     </span>
     <span class='ocr_line' id='line_1_44' title="bbox 144 4230 1185 4383; baseline 0.007 -84"><span class='ocrx_word' id='word_1_354' title='bbox 144 4237 171 4271; x_wconf 88' lang='lat'><strong>“</strong></span> <span class='ocrx_word' id='word_1_355' title='bbox 184 4240 249 4314; x_wconf 65' lang='lat'>¹6⁸3</span> <span class='ocrx_word' id='word_1_356' title='bbox 264 4242 295 4298; x_wconf 79' lang='lat' dir='ltr'>et</span> <span class='ocrx_word' id='word_1_357' title='bbox 308 4231 337 4298; x_wconf 81' lang='lat' dir='ltr'>si</span> <span class='ocrx_word' id='word_1_358' title='bbox 349 4230 555 4319; x_wconf 65' lang='lat' dir='ltr'>&#39;praeviderint</span> <span class='ocrx_word' id='word_1_359' title='bbox 573 4232 608 4298; x_wconf 83' lang='lat' dir='ltr'>in</span> <span class='ocrx_word' id='word_1_360' title='bbox 621 4235 720 4383; x_wconf 52' lang='lat' dir='ltr'>Pp¹tre</span> <span class='ocrx_word' id='word_1_361' title='bbox 733 4243 764 4299; x_wconf 84' lang='lat' dir='ltr'>et</span> <span class='ocrx_word' id='word_1_362' title='bbox 780 4231 873 4319; x_wconf 73' lang='lat' dir='ltr'>Filio,</span> <span class='ocrx_word' id='word_1_363' title='bbox 888 4245 919 4299; x_wconf 84' lang='lat' dir='ltr'>ct</span> <span class='ocrx_word' id='word_1_364' title='bbox 955 4234 1056 4320; x_wconf 83' lang='lat' dir='ltr'>piritu</span> <span class='ocrx_word' id='word_1_365' title='bbox 1072 4237 1185 4306; x_wconf 81' lang='lat' dir='ltr'>Sancto</span> 
     </span>
    </p>

    <p class='ocr_par' dir='ltr' id='par_1_11' title="bbox 613 4334 709 4387">
     <span class='ocr_line' id='line_1_45' title="bbox 613 4334 709 4387; baseline 0.042 -4"><span class='ocrx_word' id='word_1_366' title='bbox 613 4337 655 4383; x_wconf 56' lang='lat' dir='ltr'>tr</span> <span class='ocrx_word' id='word_1_367' title='bbox 688 4334 709 4387; x_wconf 82' lang='lat'>2</span> 
     </span>
    </p>
   </div>
   <div class='ocr_carea' id='block_1_7' title="bbox 0 0 1344 4756">
    <p class='ocr_par' dir='ltr' id='par_1_12' title="bbox 0 0 1344 4756">
     <span class='ocr_line' id='line_1_46' title="bbox 0 0 1344 4756; baseline 0 3"><span class='ocrx_word' id='word_1_368' title='bbox 0 0 1344 4756; x_wconf 95' lang='lat' dir='ltr'> </span> 
     </span>
    </p>
   </div>
  </div>
 </body>
</html>
