2678 4756
219 292 261 379 st
489 298 766 390 seersum
796 298 1020 393 sucum*

252 571 632 637 csRTHAelNIENsu
651 578 892 642 oothLmM
910 581 991 642 SUB
1009 575 1261 655 cremum..-

649 694 833 763 SEXTUM,
984 686 989 693 ’

226 851 229 858 “
323 862 326 868 ’
447 855 485 896 Ex
504 857 614 898 Amce
635 857 808 903 PROVINCIA
827 860 866 899 ΕΤ
886 860 1039 912 suntme,
1116 908 1119 914 .

386 979 493 1042 Quou
512 981 565 1036 na
583 982 773 1061 ssamsuo
791 984 1006 1040 secunaum
1024 984 1101 1052 usn,

230 1164 244 1175 .,
265 1118 269 1125 ·
312 1122 573 1177 eunocursaosa
593 1124 912 1177 cunrsruu'nerum
927 1118 988 1177 256
1007 1128 1178 1184 nmmum.
1274 1101 1294 1175 θ’

214 1249 378 1375 :synodica
393 1256 461 1323 icae
479 1257 611 1344 epistola
630 1259 674 1323 ed
692 1258 884 1344 Stephanum
902 1257 994 1323 Urbis
1008 1258 1120 1324 Ramoe
1133 1257 1267 1347 Episco-

214 1380 350 1459 ·ριιιιι,
366 1364 454 1452 apud
470 1368 664 1455 cyprianum
681 1380 727 1434 ast
748 1368 988 1435 surrecturi
1005 1383 1083 1458 pag.
1100 1380 1169 1435 128.
1190 1367 1268 1433 edu

213 1472 480 1543 ·²Beaedt'ctinae
492 1488 591 1543 extat.
689 1563 691 1569 Ι

212 1696 224 1711 ,Ι
216 1610 450 1700 Cyprianus
460 1626 498 1679 et
513 1613 623 1680 caeteri
638 1589 805 1703 Stephano
820 1615 910 1681 fratri
924 1615 1073 1682 salutem.
1103 1586 1160 1679 Ad
1175 1632 1267 1700 quae-

210 1710 297 1819 'idam
324 1720 524 1811 disponenda
547 1736 580 1788 et
593 1724 730 1791 ‘consilii
753 1723 936 1814 communis
963 1722 1202 1790 examinatione
1227 1720 1266 1787 li·
1275 1729 1307 1785 1⁰

212 1826 342 1915 'manda
364 1853 494 1897 necesse
518 1830 703 1915 habuimus,
725 1834 822 1899 frater
848 1833 1023 1912 carissime,
1048 1813 1268 1925 convenienti·

214 1932 282 2004 bus
306 1939 339 2010 iu
366 1963 468 2006 unum
491 1941 638 2030 pluribus
664 1942 884 2008 sacerdotibus
907 1965 1025 2030 cogere
1048 1957 1083 2007 et
1105 1941 1267 2008 celebrare

212 2048 416 2127 'concilium
438 2049 553 2137 inquo
568 2032 671 2115 multa
685 2050 816 2139 quidem
842 2042 967 2138 prolata
987 2066 1084 2139 atque
1105 2063 1267 2118 transacta

220 2163 314 2220 sunt.
352 2156 416 2220 Sed
431 2157 472 2229 de
486 2180 526 2223 eo
541 2159 590 2223 vel
608 2159 748 2225 maxime
769 2160 829 2224 tibi
850 2159 1053 2225 scribendum
1069 2171 1196 2225 etcum
1211 2174 1267 2261 tua

212 2263 377 2361 gravitate
392 2287 429 2330 ac
445 2266 602 2352 sapientia
617 2269 849 2333 conferendum
865 2269 928 2333 fuit
942 2269 1031 2358 quod
1047 2269 1153 2356 magis
1167 2268 1303 2356 perti-1⁵

220 2386 296 2438 'neat
311 2386 343 2438 et
357 2372 398 2438 ad
414 2374 643 2440 sacerdotalem
657 2379 883 2453 auctoritatem
895 2377 980 2444 etad
992 2367 1136 2444 ecclesiae
1152 2379 1266 2444 catho·

211 2478 292 2562 'licre
304 2482 462 2548 unitatem
477 2484 595 2570 pariter
610 2507 647 2550 ec
661 2485 852 2572 dignitatem
865 2485 906 2550 dc
920 2485 1033 2551 divinae
1045 2480 1267 2572 dispositionis

221 2594 424 2660 ordinatione
444 2595 636 2676 venientem,
654 2606 709 2660 ‘eos
729 2596 786 2683 qui
807 2596 870 2661 sint
889 2594 966 2659 foris
987 2609 1077 2659 extra
1096 2578 1266 2659 ecclesiam

220 2702 314 2768 tincti
335 2698 368 2769 et
388 2705 475 2791 apud
495 2705 665 2770 haereticos
686 2719 719 2782 et
740 2703 962 2769 schismaticos
980 2703 1157 2790 prophanae
1172 2704 1266 2789 aque

218 2808 294 2878 labe
318 2812 483 2893 maculati,
506 2815 635 2901 quando
658 2814 700 2878 ad
724 2837 782 2878 nos
804 2826 901 2901 atque
923 2810 964 2877 ad
987 2812 1169 2891 ecclesiam,
1193 2820 1310 2899 quieto

220 2942 286 2986 una
306 2932 366 2999 est,
383 2922 535 3001 venerint,
555 2923 712 3009 baptizari
733 2936 894 3007 oportere,
915 2943 955 2986 eo
979 2921 1068 3009 quod
1088 2934 1206 3007 parum
1226 2920 1268 2985 eit

219 3029 266 3095 eis
287 3051 418 3095 manum
442 3031 608 3117 imponere
629 3032 671 3096 ad
692 3031 915 3118 accipiendum
937 3032 1086 3120 spiritum
1105 3042 1267 3122 sanctum,

213 3138 282 3204 'nisi
294 3131 453 3225 accipiant
469 3152 502 3204 et
517 3140 660 3204 ecclesiae
677 3140 887 3226 baptismum.
922 3141 1014 3205 Tunc
1030 3140 1116 3204 enim
1132 3138 1267 3204 demum
1283 3130 1289 3161 ²

220 3248 315 3335 plene
337 3250 527 3315 sanctificari
549 3264 582 3315 et
603 3273 673 3316 esse
694 3250 750 3315 filii
772 3249 837 3314 Dei
858 3260 1005 3336 possunt,
1021 3249 1048 3314 si
1066 3258 1268 3313 sacramento

219 3370 361 3446 utroque
377 3371 559 3439 nascantur,
574 3382 652 3425 cum
668 3361 824 3447 scriptum
840 3359 904 3424 sit:
928 3358 1025 3423 qui
1046 3352 1118 3446 quis
1138 3366 1309 3451 remantem

210 3467 320 3557 fuerit
335 3485 374 3533 ex
389 3491 473 3556 aqua
484 3481 515 3534 et
529 3468 654 3554 spirita,
667 3492 728 3533 aon
740 3478 844 3554 potest
859 3467 989 3532 introire
1002 3467 1036 3531 in
1046 3479 1182 3554 regnunt·
1191 3466 1267 3533 Dei.

222 3577 406 3642 Invenimus
426 3579 513 3642 enim
536 3579 632 3642 etiam
655 3579 803 3642 intactis
821 3575 1043 3664 apostolorum
1060 3576 1123 3640 hoc
1139 3597 1210 3640 esse
1224 3575 1268 3641 ab

221 3687 379 3773 apostolis
401 3686 601 3751 custoditum
624 3699 658 3751 et
678 3686 824 3752 salutaris
843 3685 916 3751 fidei
938 3686 1069 3752 veritate
1091 3697 1268 3764 servatum,

220 3807 260 3861 ut
281 3819 356 3860 cum
379 3795 412 3860 in
434 3797 534 3861 domo
558 3796 699 3862 Cornelii
720 3795 915 3862 centurionis
930 3817 1026 3883 super
1039 3793 1187 3859 ethnicos
1209 3793 1268 3880 qui

220 3905 288 3974 illic
313 3905 445 3971 aderant
469 3905 675 3972 fidei-calore
697 3908 853 3972 ferventes
874 3905 964 3971 etin
988 3906 1170 3970 Dominum
1193 3913 1315 3981 totono‘

221 4014 320 4082 corde
342 4015 507 4082 credentes
529 4015 744 4082 descendisset
765 4015 895 4102 spiritus
918 4027 1060 4095 sauctus,
1076 4037 1142 4103 quo
1157 4013 1268 4080 adim·

447 4237 628 4288 ascanius.
748 4308 752 4323 ι
866 4239 947 4287 ‘Act
960 4252 984 4288 x.
995 4244 1037 4288 4ο.
