2678 4756
276 276 493 349 CO'NCIL.
520 278 788 349 caninat}
809 278 892 345 vn.
1062 288 1104 364 93

60 441 128 527 irati
150 451 307 538 inquinati
326 466 405 518 sunt
424 452 531 539 primo
553 452 685 539 purgari
708 464 745 517 ιι
767 463 845 517 tunc
869 450 1002 516 demum
1025 448 1106 536 bap·

60 560 167 672 assari.
1192 550 1196 557 ⁵

65 668 302 734 Crescensa
320 668 411 734 Cirta
426 667 517 733 dixit.
554 670 592 733 ln
612 681 704 735 tanto
725 681 814 734 caetu
828 660 1117 735 sanctissimorum*

61 777 334 847 consacerdotum
357 776 449 842 lectis
473 777 586 841 litteris
609 776 763 864 Cypriani
784 774 1108 843 dilectissimi-nostri

30 885 108 959 aad
120 887 330 968 Jubaianum,
346 871 490 972 itemque
506 886 547 951 ad
572 886 784 972 Stephanum,
798 907 872 972 quae
885 897 1011 950 tanturn
1026 885 1059 950 in
1075 904 1110 949 ss
1212 862 1224 874 ῃ

62 1009 251 1060 sanctorum
285 995 546 1061 testimoniorum
580 994 843 1061 descendentium
859 1016 912 1060 -ιι
944 994 1110 1081 scripturis

62 1108 187 1175 deificis
199 1110 367 1176 continent
381 1124 418 1174 ut
432 1109 549 1172 merito
571 1129 692 1172 omnes
702 1128 761 1193 per
782 1105 847 1171 Dei
866 1106 1005 1192 gratiam
1023 1104 1110 1170 adu·

64 1219 134 1283 nati
160 1218 341 1284 consentire
375 1218 561 1297 debeamus,
596 1238 711 1281 censeo
737 1236 849 1280 omnes
878 1215 1047 1280 hereticos
1073 1227 1110 1280 ιι

64 1325 289 1393 schismaticos
305 1328 370 1414 qui*
382 1328 424 1393 ad
438 1327 632 1393 catholicam
648 1326 816 1392 ecclesiam
831 1325 990 1391 voluerint
1003 1310 1110 1391 venire

10 1448 133 1506 mnan
147 1452 223 1504 ante
242 1439 370 1525 ingredi
389 1441 452 1506 nisi
467 1440 644 1506 exorcizati
653 1452 692 1505 et
711 1438 870 1526 baptizati
881 1438 1112 1526 priusfnen'nt,

66 1547 210 1633 exceptis
235 1546 285 1612 his
312 1570 388 1613 sane
414 1549 471 1635 qui
493 1549 544 1613 in
541 1547 685 1614 ecclesia
710 1547 872 1613 catholica
892 1548 1024 1612 fuerint
1037 1553 1112 1613 ante

66 1656 258 1744 baptizati,
249 1668 296 1721 ιιι
306 1669 416 1722 tamen
437 1672 477 1724 ιιι
492 1679 551 1744 per
567 1678 682 1722 manus
703 1656 946 1743 impositionem
959 1657 993 1722 in
1007 1656 1112 1744 paeni·

65 1767 203 1832 tentiam
218 1766 363 1833 ecclesiae
377 1767 635 1834 reconcilientur.

109 1876 328 1942 Nicomedes·
324 1898 352 1941 a
374 1876 537 1964 Segermis
557 1875 651 1941 dixit.
688 1877 768 1941 Mea
787 1876 945 1941 sententia
966 1874 1038 1940 haec
1052 1887 1114 1954 est,

20 1992 115 2055 rent
127 1983 289 2051 heretici
295 1985 337 2050 ad
352 1985 545 2051 ecclesiam
542 1985 942 2237 venientexaptizentur,
961 2005 1003 2048 eo
1025 1982 1115 2082 quod

68 2093 191 2161 nullam
219 2094 298 2160 foris
325 2094 414 2184 apud
439 2104 627 2182 peccatores
647 2114 690 2158 ιι
737 2114 876 2158 ιιιοιιιι
905 2103 1115 2180 peccatorum

67 2216 319 2291 assequantur.

97 2313 297 2379 Munnulus
321 2335 342 2378 a
366 2312 470 2379 Girba
493 2312 584 2379 dixit.
630 2313 783 2380 Ecclesia
800 2314 978 2382 catholicas
994 2316 1116 2384 metris

69 2428 194 2492 nonnae
206 2422 332 2488 verius
335 2442 472 2510 semper
468 2423 564 2511 apud
579 2446 660 2504 nos,
665 2425 801 2506 fratres,
804 2439 846 2492 et
852 2428 984 2493 mansit
989 2441 1036 2496 et·
1042 2448 1116 2495 maa
1213 2467 1217 2474 -

18 2538 139 2632 met,
151 2543 185 2595 et
197 2531 247 2596 vel
261 2532 400 2597 maxime
411 2533 445 2597 in
461 2532 663 2620 baptismatis
677 2533 831 2614 trinitate,
843 2534 997 2615 Domino
1003 2544 1117 2637 nostr'd

68 2624 219 2706 dicenter
241 2638 310 2706 ttae
323 2652 354 2706 et
370 2640 532 2726 baptizate
541 2651 652 2729 gentes
665 2640 704 2706 ιἰι
709 2642 840 2708 nomine
845 2645 960 2729 patris·
965 2623 1073 2733 etflh'i
1085 2659 1116 2712 et

69 2749 203 2836 'spirinse
221 2750 338 2819 sancti.
384 2749 470 2816 Cum
491 2771 572 2837 ergo
588 2751 764 2818 manifeste
784 2753 925 2820 sciamus
938 2750 1117 2822 haereticos

69 2862 139 2925 ιἰοιι
151 2858 279 2925 habere
300 2882 359 2926 nec
381 2871 507 2946 patrem
526 2881 586 2928 nec
601 2860 701 2927 filium
718 2884 779 2928 nec
793 2863 941 2950 spiritum
958 2878 1117 2944 sanctum,

70 2969 194 3035 debent
208 2970 377 3036 ¹venientes
398 2970 440 3036 ad
461 2971 630 3036 ecclesiam
647 2983 789 3037 matrem
812 2988 956 3039 nostram
966 2996 1045 3040 rere
1066 2998 1117 3040 re·

16 3090 62 3151 ιι
72 3079 219 3146 nesciet
234 3079 411 3167 baptizari,
427 3080 695 3168 ut‘canoerquod
710 3080 873 3148 habebant
888 3099 921 3148 et
935 3083 1119 3150 damnmio·

72 3187 124 3254 uis
148 3187 265 3255 ira-et
281 3188 396 3254 erroris
416 3189 578 3254 offectura
603 3210 668 3276 perv
686 3201 834 3254 sanctum
862 3204 896 3254 et
921 3191 1049 3257 caeleste
1072 3192 1121 3257 iat
1159 3184 1161 3190 ⁴

72 3297 446 3365 tacrumsanetificetur.

121 3405 342 3474 Secundinus'
355 3429 388 3472 a*
405 3407 522 3472 Cedias
545 3406 644 3473 dixit.
697 3404 788 3471 'Cum
820 3405 983 3473 Dominus
1011 3423 1125 3478 noster·

74 3514 228 3582 Christus
250 3515 462 3602 dicansQna'
482 3537 544 3580 nnn
564 3525 611 3580 est
626 3537 751 3580 mecam
772 3514 988 3582 adversas-nra
1007 3531 1065 3601 est,
1087 3522 1121 3588 ιι

19 3621 240 3701 ffldoannes
254 3625 423 3716 apostolus
436 3646 493 3692 eos
509 3626 565 3714 qui
575 3625 623 3691 ab
637 3626 774 3692 ecclesia
786 3643 903 3694 exeunt
914 3631 1132 3699 antichristos

73 3734 184 3818 dieat,
186 3728 407 3804 indubitanter
420 3735 541 3802 hostes
544 3729 678 3817 Christi,
690 3738 811 3826 quique
822 3739 1000 3806 antichristi
1014 3742 1123 3810 nomi

73 3845 142 3914 nati
156 3860 244 3927 surr,
254 3848 396 3935 gratiam
414 3846 576 3936 baptismi
588 3848 736 3915 salutaris
759 3849 939 3916 ministrare
959 3873 1024 3918 non
1042 3863 1123 3943 ροιέ

72 3967 164 4029 sunt,
208 3958 252 4023 Et
276 3957 368 4026 ideo
376 3979 494 4025 censeo
512 3979 574 4023 eos
599 3958 656 4047 qui
681 3958 728 4026 de
739 3959 868 4029 insidiis
893 3950 1124 4031 haereticorum

106 4183 328 4247 ιιιιιιιίηιιι.
341 4175 380 4246 ιι.
484 4190 711 4246 suntantea.
824 4195 837 4244 ι
856 4197 948 4248 stoan.
960 4198 985 4248 ιι.
999 4172 1088 4258 nnn
