2678 4756
334 296 552 369 coucrn.
577 295 910 365 cnnrnncsv.
1100 296 1142 382 ες
1201 346 1203 351 .

96 465 159 552 lio,
173 470 366 560 Eutycisno,
380 471 444 536 alio
465 469 625 558 Gargilio,
641 468 706 534 alio
727 466 912 548 Saturnino,
931 464 1142 548 Nemesiano,

97 579 279 667 Ne'mpulo,
294 579 494 660 Antoniano,
509 577 704 666 Rogatieno,
723 578 897 644 Honorsto
917 576 1070 643 fratribus
1090 596 1143 642 ss·

96 690 213 757 lutem.
258 689 346 756 Cum
362 689 459 756 simul
472 689 506 755 in
521 688 660 754 concilio
673 709 829 766 essemus,
843 688 956 755 fratres
974 684 1142 764 carissimi,

97 798 239 886 legimus
253 797 377 865 litteras
391 812 508 865 vestras
521 819 601 886 ques
614 798 657 863 ad
671 819 729 863 nos
744 797 866 863 fecistis
876 797 918 867 de
930 797 970 863 iis
983 797 1040 884 qui
1054 794 1144 884 apud

67 908 270 984 &haereticos
282 921 317 975 et
331 909 555 975 schismaticos
573 907 730 996 baptizati
742 906 899 988 videntur,
912 929 954 973 sn
974 905 1018 972 nd
1036 904 1142 982 eccle-

97 1017 179 1083 siam
194 1012 401 1100 catholicam,
416 1041 490 1106 quae
511 1003 576 1083 una
595 1029 628 1082 et
645 1038 719 1083 vera
734 1028 796 1095 est,
810 1015 971 1082 venientes
985 1013 1144 1102 baptisari

97 1124 249 1192 debeant.
291 1126 346 1193 De
359 1149 425 1216 qua
436 1149 473 1195 re
487 1147 684 1214 quamquam
705 1139 740 1191 et
757 1124 821 1213 ipsi
840 1124 908 1193 illio
924 1124 1088 1191 veritatem
1107 1136 1143 1192 et

98 1235 283 1302 firmitatem
295 1236 465 1302 catholice
479 1235 601 1323 regulae
615 1235 762 1313 teneatis,
772 1247 881 1300 tamen
894 1234 1047 1321 quoniam
1062 1255 1143 1300 con·

97 1345 251 1413 sulendos
265 1355 334 1413 'nos
359 1370 420 1435 pro
443 1347 609 1413 communi
632 1344 806 1418 dilectione
827 1342 1045 1424 existimastis,
1068 1365 1144 1409 sen·

48 1455 234 1534 ‘lotentiam
246 1468 388 1522 nostram
405 1479 470 1522 non
485 1479 601 1528 novam
615 1455 809 1543 promimus,
822 1453 880 1520 sed
889 1453 1086 1542 jampridem
1101 1453 1144 1520 sb
1210 1510 1211 1514 ,

98 1565 356 1632 antecessoribus
371 1567 490 1632 nostris
508 1578 665 1632 statutam
679 1577 713 1629 et
727 1560 855 1632 anobis
869 1564 1071 1630 observatam
1085 1584 1143 1634 vo.-

98 1671 227 1738 biscum
237 1673 307 1760 pari
319 1676 531 1741 consensione
542 1675 784 1763 conjungimus,
797 1672 871 1760 (vid.
882 1675 963 1757 not.)
975 1685 1143 1741 censentes

98 1782 224 1849 scilicet
234 1795 269 1848 et
279 1804 340 1871 pro
352 1798 443 1851 certo
455 1798 602 1851 tenentes
616 1785 777 1850 neminem
790 1784 870 1850 loris
883 1783 1040 1870 baptizari
1054 1797 1144 1850 extre

97 1892 267 1958 ecelesiam
283 1914 391 1980 posse,
404 1914 480 1960 cum
495 1894 537 1959 sit
551 1893 711 1979 baptisma
731 1915 832 1958 unum
854 1893 887 1957 in
906 1908 1017 1961 sancta
1037 1895 1144 1959 eccle-

50 2017 89 2069 15
99 2001 146 2068 ie
164 2003 394 2084 constitutum,
415 2017 449 2069 et
471 2003 627 2091 scriptum
649 2003 690 2068 sit
712 2003 858 2067 Domino
880 2001 1030 2068 dicentes
1056 2002 1144 2070 11Με

98 2109 352 2199 derelinquerunt
362 2111 492 2199 sontem
512 2135 607 2200 apuoe
627 2112 720 2191 uiuoe,
732 2122 763 2176 et
782 2110 956 2196 &foderunt
977 2111 1035 2184 sibi
1056 2111 1143 2181 lacus

97 2224 228 2291 detritu
242 2226 372 2314 quinon
383 2238 512 2314 possunt
525 2250 640 2315 aquam
653 2237 792 2312 portare.
835 2229 879 2292 Et
898 2226 1015 2292 iterum
1037 2227 1145 2294 divina

98 2335 258 2423 scriptura
269 2349 403 2402 moneat
417 2351 450 2403 et
464 2336 565 2403 dieat:
582 2335 647 2401 iAb
663 2358 747 2423 aqua
761 2334 865 2401 aliena
878 2335 998 2402 abstine
1013 2347 1054 2418 te,
1073 2348 1103 2402 et
1123 2360 1144 2404 a

86 2443 185 2531 sonte
205 2467 301 2532 aquoe
322 2444 438 2511 abienae
458 2469 497 2511 ne
519 2444 640 2510 biberis.
685 2445 826 2533 Oportet
845 2467 926 2533 ergo
946 2446 1097 2512 mundari
1108 2461 1145 2514 et

45 2554 293 2634 sosenctificari
314 2577 432 2642 aquam
454 2557 543 2642 prius
566 2576 585 2619 a
607 2555 783 2635 sacerdote,
801 2567 840 2620 ut
860 2557 963 2641 possit
980 2557 1145 2643 baptismo

97 2687 160 2731 suo
184 2679 319 2752 peccata
343 2666 483 2732 hominis
509 2668 566 2754 qui
590 2665 774 2752 baptizatur
799 2666 955 2746 abluere3
987 2668 1064 2754 quia
1086 2667 1148 2754 per

97 2756 304 2840 Ezechielem
320 2776 513 2863 prophetam
527 2776 691 2840 Dominus
705 2775 802 2868 dicit:
825 2774 899 2840 kEt
912 2791 1077 2863 aspergam
1090 2799 1144 2842 su-

90 2901 153 2970 per
173 2907 225 2950 vos
247 2908 366 2973 aquam
383 2887 545 2966 mundam,
560 2897 591 2951 et
611 2884 838 2950 mundabimini
859 2885 897 2950 ab
920 2886 1059 2951 omnibus
1080 2887 1143 2953 im·

93 2991 261 3058 munditiis
275 2993 396 3073 vestris,
410 3005 441 3059 et
455 2993 494 3058 ab
508 2993 646 3058 omnibus
660 2993 835 3059 simulacris
849 2995 959 3060 vestris
972 2986 1142 3062 emundabo

44 3117 87 3170 25
96 3120 162 3180 vos,
176 3110 207 3164 et
222 3099 299 3165 dabo
315 3100 399 3166 uobis
414 3124 464 3165 cor
477 3124 600 3181 nouum,
617 3114 647 3167 et
661 3101 807 3187 spiritum
821 3127 933 3169 novum
949 3106 1026 3170 dabo
1042 3106 1075 3170 in
1089 3129 1143 3170 uo·

97 3208 155 3275 bis.
210 3212 389 3306 Quomodo
419 3225 530 3276 autem
560 3212 715 3277 mundare
740 3227 774 3277 et
800 3215 998 3283 sanctificare
1022 3236 1142 3301 aquam

93 3332 206 3408 potest
219 3323 276 3408 qui
289 3322 360 3408 ipse
373 3323 563 3388 immundus
579 3337 629 3388 est
643 3334 677 3387 et
688 3322 777 3408 apud
792 3345 889 3409 quem
904 3324 1034 3408 spiritus
1049 3345 1142 3390 sanc·

93 3439 151 3494 tus
167 3441 310 3508 nonest,
325 3452 402 3495 cum
417 3431 581 3496 Dominus
596 3430 683 3497 dicat
701 3431 734 3495 in
752 3432 905 3496 Numeris
921 3457 930 3496 s
952 3431 1019 3497 ¹Et
1039 3433 1143 3501 omnia

94 3560 292 3626 quoecumque
307 3540 446 3629 tetigerit
467 3542 644 3606 immundus
664 3541 824 3606 immunda
839 3552 940 3607 munt.
974 3543 1045 3608 Aut
1060 3567 1143 3631 quo·

38 3646 196 3721 aomodo
216 3647 385 3734 baptizans
407 3650 484 3714 dare
508 3650 600 3714 alteri
620 3651 787 3715 remissam
808 3664 1017 3737 peccatorum
1032 3666 1142 3739 potest

92 3756 153 3843 qui
166 3753 235 3841 ipse
250 3777 310 3848 sus
324 3771 458 3843 peccata
470 3758 632 3845 deponere
646 3773 735 3824 extra
749 3761 918 3826 ecclesiam
932 3785 996 3828 non
1009 3769 1139 3850 potest?

92 3867 162 3934 Sed
186 3881 221 3934 et
237 3869 308 3956 ipsa
327 3870 538 3973 intepro'gatio
554 3897 628 3961 quae
643 3873 680 3939 fit
693 3875 726 3938 in
740 3874 903 3961 baptismo
917 3876 1008 3942 testis
1022 3891 1072 3944 est
1086 3901 1140 3946 ve·

89 3976 211 4046 sitatis.
228 3977 238 3995 ³
255 3980 344 4047 Nam
364 3988 442 4048 cnm
463 3983 614 4065 dicimus,
631 3983 739 4050 Credis
760 3985 793 4051 in
814 3986 913 4051 vitam
934 3998 1087 4056 estunam
1107 4000 1141 4056 et

192 4145 206 4186 ¹
224 4147 292 4197 Hier.
304 4150 330 4198 ii.
343 4160 383 4200 13.
713 4152 721 4188 ¹
737 4153 806 4202 Pron.
817 4154 852 4201 ix.
863 4161 902 4202 ss.
912 4168 962 4206 sec.
975 4169 1042 4206 ιιι.

192 4223 517 4294 immunimus.
709 4230 927 4288 luseramus.
1021 4289 1022 4295 χ
1049 4298 1052 4306 ,
1084 4239 1087 4243 ’

592 4308 649 4361 63

240 4502 266 4539 fl
