2678 4756
348 294 625 381 anuorsrro
647 311 713 378 An
733 296 982 408 strenuam.
1123 311 1187 404 nl

141 496 274 553 constat
300 486 390 575 quod
420 498 533 552 auctor
558 485 684 551 ¹divinas
721 486 892 573 scripturas
929 480 1188 552 commemorans

147 573 289 658 (Theon.
313 574 418 673 Epist.
443 574 474 656 ξ.
494 573 584 656 νὶἰ.);
611 572 689 653 Eas,
715 573 830 660 inquit,
857 572 940 637 miro
965 571 1132 660 diligentia
1158 572 1190 659 el

146 659 325 749 largissimo
343 660 494 745 impendio
509 659 697 728 Ptolemaeus
711 658 936 746 Philadelphus
951 659 985 723 in
1004 665 1188 724 crucum

149 765 337 811 Nosrnsm
361 746 482 810 traduci
502 745 632 810 curauit.
676 749 794 834 Neque
816 768 892 810 sano
912 746 1058 811 dubitare
1075 769 1132 810 uos
1148 745 1195 810 si·

146 833 198 897 nit
219 832 365 919 epistolae
388 833 501 911 dictio,
523 834 599 920 quin
621 854 692 896 eam
717 833 870 897 eGraeco
895 833 1010 896 Latine
1031 832 1193 897 redditam

146 918 380 984 existimemus.
426 920 583 985 Praeterea
606 919 723 1005 scripta
739 918 836 987 fuisse
853 919 1040 1006 perhibetur
1057 918 1195 1005 epistola

147 1003 338 1091 hujusmodi
356 1005 494 1090 (Theon.
513 1007 613 1092 Epist.
632 1007 662 1089 ξ.
679 1007 715 1089 i.)
731 1010 813 1091 poce
820 1022 876 1091 per
892 1004 1001 1070 lunum
1020 1000 1194 1090 principenl

147 1089 285 1156 ecclesiis
306 1114 456 1157 concessu.
499 1093 648 1178 Denique
672 1106 809 1157 testator
827 1107 941 1157 auctor
960 1093 1076 1178 (Epist.
1096 1097 1125 1160 i.
1143 1091 1195 1173 i.),

145 1176 321 1263 principem
341 1178 442 1264 ipsum
464 1179 598 1243 nondum
617 1178 806 1243 Christianae
826 1177 970 1266 religioni
989 1176 1193 1263 adscriptum,

148 1264 182 1328 in
199 1264 292 1351 cujus
308 1265 427 1349 palatio
443 1265 712 1329 cubiculariorum
729 1266 871 1351 praefecti
888 1287 1020 1328 munere
1035 1262 1196 1350 fungebass

149 1360 205 1414 tur
227 1350 399 1429 Lucienus,
415 1350 492 1437 ipsis
510 1350 696 1416 Christianis
717 1351 801 1416 velot
817 1350 1018 1436 fidelioribus
1043 1349 1141 1415 vitun
1163 1358 1197 1415 et

149 1452 259 1522 corpus
275 1459 362 1501 saturn
379 1438 563 1501 servandum
582 1437 758 1503 credidisse.
804 1439 853 1502 Ex
897 1437 991 1501 uibus
1013 1458 1093 1524 ergo
1117 1435 1203 1500 cha·‘

148 1523 327 1588 racteribus
347 1535 433 1588 recte
447 1525 590 1609 arguisse
606 1524 699 1588 nobis
715 1523 860 1588 ridentur
873 1461 1080 1588 doctissimus
1094 1519 1195 1588 Tinea

151 1610 294 1675 montius
322 1610 439 1692 (Mem.
463 1610 552 1674 Eccl.
578 1623 659 1673 tom.
683 1609 723 1674 iv.
748 1632 824 1696 pag.
842 1622 911 1686 771.
936 1622 1003 1674 not.
1028 1623 1055 1673 1.
1082 1630 1138 1673 sur
1160 1608 1196 1684 S,
1249 1636 1253 1661 ι

150 1693 278 1759 Theon.
294 1708 327 1759 ct
347 1709 427 1759 tom.
440 1720 469 1760 v.
484 1708 543 1760 art.
558 1696 602 1759 iii.
618 1719 659 1782 pa
686 1708 737 1772 .7.
758 1696 803 1778 (in
825 1696 912 1760 Serie
933 1693 1090 1760 Chronol.
1111 1716 1196 1760 anno

149 1792 222 1859 290.
240 1780 409 1867 epistolam
426 1781 581 1868 assignat)
599 1797 632 1846 ct
688 1781 847 1846 acheriani
868 1782 889 1845 S
915 1781 1033 1868 icilegii
1056 1776 1197 1867 nuperus

150 1867 258 1931 editor
276 1868 399 1953 (Spicil.
415 1869 437 1933 l.
453 1871 510 1951 c.),
527 1868 608 1932 hanc
623 1868 792 1953 epistolam
815 1804 913 1932 haud
922 1867 1014 1932 aliter
1028 1888 1098 1931 esse
1112 1867 1198 1932 acci·

150 1952 302 2039 piendam
318 1976 414 2040 quam
430 1954 470 2018 de
484 1953 681 2018 Diocletiani
695 1953 844 2040 imperi0‚
857 1968 1029 2040 antequam
1045 1952 1100 2016 ille
1116 1974 1199 2018 anno

153 2057 291 2104 eccm.
308 2039 459 2105 adversus
474 2040 641 2104 ecclesiam
658 2040 796 2117 fureret;
813 2062 909 2127 quam
927 2051 1098 2125 propterea
1112 2039 1203 2103 The·

152 2144 233 2189 ouas
255 2125 425 2214 episcopus
446 2125 684 2190 Alexandrinus
706 2125 827 2190 saeculo
851 2145 915 2191 111.
938 2124 1103 2190 desinente
1124 2145 1199 2211 per·

153 2209 327 2297 scripserit.
1279 2224 1280 2227 ’

180 2300 183 2305 ’
200 2296 301 2362 Porro
319 2297 362 2365 ad
382 2296 466 2361 hanc
479 2295 671 2362 sententiam
687 2293 915 2361 adstruendam
930 2296 1201 2385 locupletissimus

154 2382 248 2448 testis
276 2383 401 2449 accedit
428 2384 588 2448 Eusebius
622 2383 723 2468 (Hist.
751 2382 840 2447 Eccl.
865 2381 1010 2449 librili.
1037 2387 1200 2485 cap.1.):

155 2467 346 2559 “Qualem
362 2469 478 2556 inquit,
493 2484 712 2556 quantamque
730 2467 868 2554 gloriam
891 2467 987 2534 simul
1009 2491 1047 2534 ao
1068 2471 1203 2537 hberta·

150 2561 262 2620 “tem
285 2555 430 2620 doctrina
451 2577 531 2620 verae
551 2577 628 2641 erga
647 2576 834 2641 supremum
850 2552 967 2619 'Deum
987 2554 1203 2642 pietatis-

155 2646 181 2682 “
196 2640 282 2726 apud
297 2663 410 2706 omnes
423 2643 557 2706 Graecos
570 2640 686 2727 pariter
698 2663 735 2704 ac
747 2640 899 2705 barbaros
914 2653 987 2705 ante
1001 2638 1202 2729 persecutioss

155 2730 182 2766 “
196 2748 271 2791 nem
295 2743 405 2792 nostra
423 2727 581 2792 memoria
599 2727 770 2792 excitatam
787 2740 960 2792 consecuta
975 2727 1027 2808 sit,
1043 2751 1102 2794 nos
1116 2744 1204 2796 certe

157 2817 185 2853 “
194 2833 258 2899 pro
279 2814 395 2878 merito
415 2813 573 2900 explicare
595 2836 659 2878 non
703 2835 863 2878 ossumus.
908 2814 958 2877 Ar
983 2830 1115 2880 umento
1134 2837 1208 2882 esse

156 2899 299 3048 αἓοεωὶῑ
327 2901 621 2964 Inssnxronuru
657 2835 867 2984 (liiocletiani
895 2912 929 2963 et
994 2899 1106 2965 erculii
1134 2903 1204 2986 M.)-

158 2989 183 3024 “
228 3005 445 3050 autumnus
473 3002 578 3050 suna
607 3005 809 3050 nosraos:
837 2984 955 3071 quibus
974 2987 1131 3072 regendas
1153 3001 1204 3053 et·

157 3070 262 3134 “iam
311 3070 467 3135 roviucias
492 3071 750 3148 committebant,
772 3072 861 3135 omni
887 3070 1085 3136 sacrificandi
1112 3086 1205 3140 metu

158 3162 183 3196 “
197 3178 254 3225 eos
268 3093 440 3222 liberantes
453 3156 496 3221 ob
508 3157 715 3242 singularem,
728 3179 792 3243 qua
805 3157 838 3220 in
853 3155 1043 3242 religionem
1060 3171 1205 3225 nostram

159 3248 184 3282 “
198 3242 304 3307 affecti
318 3260 420 3320 erant,
435 3243 702 3308 benevolentiam.
746 3240 834 3330 Quid
857 3263 939 3330 opus
962 3254 1012 3307 est
1036 3243 1142 3308 dicere
1163 3245 1206 3311 de

159 3326 236 3392 “iis
253 3327 309 3415 qui
326 3329 357 3392 in
376 3330 669 3394 Iurensronuu
690 3335 872 3392 ernanus
889 3331 1203 3397 vss'ssssnron?

159 3418 184 3453 “
198 3415 288 3502 Quid
311 3415 351 3478 de
374 3415 620 3500 imperatoribus
643 3414 742 3501 ipsis?
779 3413 846 3502 Qui
867 3412 1053 3479 domesticis
1067 3417 1132 3481 suis
1147 3439 1204 3482 eo·
1283 3434 1286 3442 “

160 3505 336 3586 “rumque
361 3501 528 3578 uxoribus,
552 3499 659 3564 liberis
682 3521 722 3563 ac
748 3500 856 3576 servis,
880 3521 919 3562 ea
943 3521 1016 3585 quae
1038 3501 1207 3588 religionis

160 3591 185 3625 “
200 3599 383 3664 suaserant,
400 3602 466 3650 tam
481 3586 583 3648 verbis
599 3607 693 3671 quarn
714 3585 807 3648 iactis
822 3585 923 3649 libere
937 3589 1134 3674 exsequendi
1148 3610 1206 3655 co·
1268 3643 1270 3647 ,

159 3676 185 3711 “
199 3693 269 3734 ram
291 3684 396 3735 semet
417 3672 505 3757 ipsis,
523 3682 717 3755 potestatem
736 3670 905 3747 dederunt,
920 3670 997 3757 ipsis
1013 3666 1057 3736 ob
1073 3673 1155 3738 hanc
1170 3674 1208 3739 fr-

160 3762 183 3796 “
201 3757 254 3820 dei
279 3779 345 3821 suae
373 3756 553 3820 libertatem
583 3757 714 3842 gloriari
738 3777 777 3819 ac
802 3777 836 3820 se
861 3769 1022 3821 ostentare
1046 3759 1206 3845 quodam·

160 3849 185 3883 “
200 3842 300 3906 modo
319 3841 562 3928 permittentes:
586 3864 705 3927 eosque
719 3862 784 3926 prae
800 3841 914 3906 ceteris
929 3844 1079 3909 omnibus
1096 3846 1209 3910 minis-

123 3926 126 3930 ’
161 3929 259 3992 “tris
279 3929 422 4014 quodam
445 3950 553 3991 amore
578 3926 888 4013 prosequebantur.''
931 3930 1015 3992 Haec
1036 3931 1207 4017 episcopus

159 4013 394 4090 Caesariensis3
418 4016 472 4100 qui
495 4014 603 4098 paullo
621 4027 695 4099 post
710 4013 742 4076 in
758 4013 905 4077 eamdem
921 4015 1113 4079 seutentiam
1128 4017 1208 4082 scri·

162 4099 214 4164 bit
230 4100 363 4182 (Euseb.
380 4100 468 4164 Hist.
484 4099 573 4162 Eccl.
589 4121 659 4184 cap.
673 4099 726 4180 vi.)
746 4107 767 4138 “
783 4099 988 4163 Dorotheum
1011 4114 1045 4164 et
1065 4097 1206 4188 reliquos

150 4192 188 4227 “‘
204 4183 503 4250 Cusrcusanros
531 4205 678 4248 suanos
704 4185 823 4248 summi
846 4185 976 4249 honoris
999 4189 1209 4286 praerogativa

162 4277 188 4314 “
203 4272 246 4338 ab
260 4271 508 4360 imperatoribus
526 4284 656 4337 ornatos
677 4270 786 4351 fuisse,
800 4269 857 4358 qui
879 4292 945 4337 non
966 4293 1072 4339 snmus
1089 4275 1132 4340 eb
1152 4273 1208 4341 iis·
1244 4346 1254 4356 ⁵
