2678 4756
302 262 355 329 ur
378 260 609 329 concrum
630 258 867 337 carruae.
1045 271 1110 347 us

57 452 127 510 nos,
160 439 194 497 et
223 442 295 518 opto
326 443 368 511 te,
393 434 436 498 ab
462 455 503 497 eo
528 432 602 498 haec
622 443 697 497 sunt
720 431 893 496 adnotata:
925 427 1108 495 “Tametsi

59 524 83 557 “
99 516 238 603 epistola
259 518 380 605 scripta
396 520 439 584 ait
455 519 497 584 ad
533 519 631 595 lures,
649 518 812 604 praecipue
826 532 934 581 tamen
947 527 981 578 et
996 516 1105 578 nomi-

57 610 83 643 “
99 602 202 667 natim
222 604 342 690 scripta
366 615 416 668 est
438 603 479 668 ad
504 540 721 691 liogatianum
743 623 912 688 personam
933 599 1105 665 illustrem.

59 690 142 753 “Et
163 687 238 753 ideo
253 688 436 776 Cyprianus
456 688 552 753 finem
575 691 604 753 ei
626 710 671 774 op
694 710 804 766 orrens,
826 685 1002 752 clausulam
1018 685 1105 750 rale-

60 778 85 813 “
98 772 281 852 dictoriam,
309 788 345 839 ut
372 775 465 854 solet,
493 775 534 839 ad
561 796 636 839 eum
666 711 804 859 dirigere
831 771 974 859 potuit.''
1015 771 1107 836 Ante

61 858 254 925 Morellium
270 859 443 924 exhibebat
463 872 604 944 optamus
621 883 672 923 vos
690 861 853 922 Erasmus.
897 856 961 925 Sed
983 857 1017 920 in
1038 855 1105 942 epi-

61 943 146 1008 stola
153 944 305 1032 synodali
314 946 459 1031 proxime
469 959 633 1031 sequente,
650 945 706 1009 ubi
720 943 840 1030 legitur
850 953 1005 1027 optumus,
1016 955 1109 1008 vetus

63 1029 206 1095 Romano
219 1030 295 1096 edit.
311 1031 395 1100 sicut
410 1030 474 1109 hic,
490 1031 588 1095 habet
604 1042 684 1115 opto.
707 1029 871 1094 Nimirum
884 1029 930 1093 ita
944 1027 1107 1094 interdum

62 1114 198 1203 ponitur
211 1116 356 1183 clausula
369 1138 427 1205 per
440 1116 644 1204 compendia,
660 1116 726 1202 Op.
739 1116 783 1182 V.
793 1117 829 1180 F.
845 1114 922 1180 CH.
935 1116 970 1179 S.
986 1115 1024 1178 Β.
1035 1114 1081 1178 V.

158 1456 347 1524 CONCIL.
365 1457 601 1522 CARTHAG.
615 1459 702 1522 SUB
719 1454 955 1522 CYPRIANO
971 1457 1016 1524 V.

110 1628 147 1693 P.
162 1640 211 1693 ⁸4.
230 1628 254 1692 l.
269 1642 318 1692 au
345 1628 443 1692 Anno
468 1629 591 1714 ccum]
622 1628 697 1691 Hoc
722 1625 918 1704 Concilium,
947 1639 1113 1713 praeeunte

63 1714 240 1780 Pearaonio
255 1713 287 1779 in
301 1714 422 1778 Annei.
441 1714 591 1801 (hypriuu.
606 1734 691 1778 anno
703 1728 762 1776 255
775 1725 849 1798 post
865 1712 1035 1777 Christum
1050 1734 1110 1799 ap-

65 1799 174 1886 posui.
210 1798 362 1864 Variatur
376 1799 462 1863 cnim
479 1800 519 1862 de
533 1812 679 1884 tempore
695 1798 791 1882 hujus
807 1810 904 1884 atque
919 1813 1111 1863 ceterarum

67 1885 335 1972 Cyprianicarum
357 1883 556 1969 synodorum
574 1885 606 1948 in
624 1882 771 1949 Consiliis
788 1883 956 1968 impressis.
1002 1883 1114 1948 Caete·

66 1993 143 2035 rum
156 1970 198 2034 de
212 1969 340 2055 synodo
356 1971 425 2054 ipsa
440 1971 485 2034 ita
500 1968 611 2035 scribit
626 1970 655 2034 C
680 1968 809 2054 prianus
823 1971 856 2033 in
872 1969 964 2033 initio
980 1969 1112 2053 Episto-

68 2056 115 2121 loe
129 2056 172 2145 ed
186 2056 351 2141 Quintum.
369 2054 489 2121 Retulit
509 2056 552 2119 ud
564 2079 624 2132 nte,
637 1993 748 2141 diriter
769 2053 937 2131 carissime,
952 2054 1114 2121 Larianus

68 2141 295 2227 compresbyter
315 2151 418 2205 noster
442 2151 473 2204 te
495 2141 695 2216 desiderasse,
720 2151 756 2203 ut
778 2137 1024 2226 significaremus
1054 2138 1114 2205 rili

68 2226 149 2377 quid
167 2226 337 2290 sentiamus
355 2226 394 2289 de
416 2225 462 2290 his
487 2226 542 2313 qui
567 2226 651 2310 opud
673 2224 832 2289 haereticos
853 2234 884 2288 et
903 2223 1115 2290 schismaticos

88 2311 227 2411 optiauti
241 2311 397 2375 uidentur.
440 2312 493 2375 Dc
507 2334 570 2399 quo
584 2335 618 2375 re
631 2310 709 2409 quid
719 2326 817 2396 nuper
831 2310 864 2374 in
882 2309 1018 2373 Concilio
1036 2309 1113 2394 plu-

67 2398 144 2463 rima
157 2397 324 2496 coepiscopi
340 2419 408 2461 curu
424 2396 675 2484 compresbyteris
691 2397 746 2482 qui
762 2395 893 2460 ederunt
908 2395 1116 2463 censuerimus
1230 2438 1233 2447 ι

67 2495 106 2549 ut
120 2504 225 2561 scires,
238 2482 373 2567 ejusdem
388 2481 545 2567 Epistolae
557 2481 732 2568 exernplunr
747 2481 903 2546 tibimiri.
947 2481 1030 2547 Haec
1045 2480 1113 2549 ille.

70 2570 189 2633 Postea
200 2590 276 2632 vero
299 2568 340 2631 ad
364 2567 564 2654 Stephanum
610 2590 718 2654 uoquc
741 2569 924 2632 Romanum
944 2579 978 2631 et
996 2567 1037 2631 ad
1052 2568 1113 2634 Ju-

68 2653 223 2719 haianum
239 2652 369 2717 easdem
385 2652 482 2717 hasce
503 2592 674 2740 synodales
694 2652 782 2717 misit
796 2652 902 2716 literas
917 2651 947 2715 C
971 2653 1116 2738 prianus,

68 2761 220 2805 unacum
235 2737 304 2822 ipsa
317 2737 373 2802 illa
386 2739 426 2802 ad
443 2739 603 2825 Quintum
619 2738 767 2824 epistola,
780 2737 869 2824 quod
887 2674 1113 2823 quidemcon·

70 2839 136 2891 stat
148 2847 188 2889 ex
203 2824 348 2909 epistolis
363 2823 404 2887 ad
418 2825 556 2888 eundem
576 2823 775 2909 Stephanum
791 2835 823 2885 et
834 2822 1041 2888 Jubaiannm.

115 2910 151 2974 P.
165 2925 214 2974 85.
229 2911 252 2973 l.
262 2923 293 2973 3.
318 2909 403 2972 Cum
421 2910 518 2974 simul
533 2911 566 2972 in
581 2909 735 2992 concilio]
760 2909 930 2972 Graculus
947 2908 1117 2996 interpres,

70 3001 99 3060 n
120 2993 293 3080 κοινοὸελίῳ.
336 2995 364 3057 E
388 2994 483 3058 istola
508 2994 581 3059 haec
604 2995 637 3059 in
661 2994 783 3059 Codice
806 2994 826 3056 S
854 2992 970 3058 nodico
989 2995 1116 3060 Graecae

69 3081 238 3159 Ecclesiae,
266 3081 357 3144 conc'
374 3080 405 3143 io
431 3079 691 3167 Carthaginiensi
719 3080 780 3144 sub
836 3078 972 3166 ypriano
1001 3079 1117 3144 habito

69 3167 263 3255 praeligitur‚
278 3180 311 3229 et
326 3166 416 3251 quasi
429 3164 515 3230 illius
531 3186 634 3231 canon
647 3165 854 3250 perhibetur;
877 3185 972 3250 quem
988 3165 1116 3250 episco-

70 3273 188 3339 porum
205 3251 370 3350 suffragia,
385 3273 458 3336 quae
473 3273 547 3315 eum
562 3264 716 3337 tanquam
732 3249 914 3331 ἐνθυμήματα
928 3249 991 3313 sive
1006 3254 1114 3335 ἐπιχει-

69 3338 199 3424 ρήματα,
228 3349 265 3400 ut
288 3349 332 3400 art
361 3337 518 3414 Zonaras,
542 3336 627 3401 varie
652 3335 863 3413 illustrarunt,
889 3334 1116 3419 sequebantur.

71 3424 227 3493 Balsamo
238 3436 271 3485 et
284 3422 438 3502 Zonaras,
451 3420 551 3485 literis
566 3421 635 3486 istis
643 3422 664 3486 J
667 3419 805 3485 ubaiano
816 3441 1007 3505 responsum
1017 3421 1126 3487 fuisse

71 3506 236 3573 redditum
260 3521 416 3582 asserunt,
438 3528 478 3570 eo
505 3505 594 3592 quod
614 3505 700 3571 illius
723 3504 920 3571 mentionem
942 3506 1062 3570 factam
1083 3507 1119 3589 iq

74 3592 105 3658 C
130 3593 234 3679 priani
258 3591 431 3678 proloquio
456 3593 698 3671 observassent3
720 3612 904 3679 quanquam
922 3603 956 3655 ct
977 3591 1122 3660 Codices
1220 3632 1223 3637 ·

36 3732 39 3737 .
116 3678 175 3743 SS.
196 3676 288 3741 latini
311 3676 453 3762 plurimi,
476 3677 629 3763 suffragia
648 3676 708 3739 hac
725 3677 757 3740 in
773 3697 808 3739 re
823 3676 1006 3762 perhibent.
1052 3678 1118 3743 Sed

71 3762 222 3851 perpetui
247 3762 393 3847 hospites
416 3763 448 3826 in
472 3761 718 3827 occidentalium
741 3762 838 3829 rebus
860 3761 992 3827 fuerunt
1011 3764 1118 3829 orien-

72 3849 168 3927 tales,
192 3868 252 3912 nec
277 3847 409 3933 quidem
437 3848 557 3912 rectius
583 3847 753 3933 epistolam
780 3847 883 3933 ipsam
906 3848 939 3911 in
963 3849 1118 3915 Graecum

74 3955 258 4017 sermonem
282 3933 485 4013 transtulere,
507 3954 605 4019 quarn
627 3932 667 3996 de
691 3932 801 4018 scripti
821 3934 989 3997 occasione
1005 3948 1039 3998 et
1053 3936 1120 3999 ori-

100 4126 147 4169 aec
162 4103 299 4191 epistola
314 4112 382 4168 crat
394 4102 558 4190 synodica,
573 4117 605 4167 et
619 4103 846 4168 haereticorum
858 4103 1018 4189 baptisma
1029 4102 1121 4169 dam-

75 4188 176 4279 qabat
201 4189 420 4279 pariter-cum
444 4188 501 4256 illa
526 4188 652 4279 synodo
680 4211 753 4277 quae
776 4188 971 4278 sequebatur
993 4187 1124 4269 lxxxvii.

570 4286 629 4345 Η
732 4288 735 4292 ’
851 4288 858 4297 ’

111 4041 152 4085 ne
173 4032 351 4083 senserunt.
397 4019 523 4082 Interea
546 4039 620 4082 vero
644 4017 830 4095 dicendum,
849 4019 937 4102 quod
961 4019 1120 4104 siquidem
1221 4079 1223 4083 .
