2678 4756
250 303 303 368 ΙΝ
324 303 358 367 S.
380 301 600 368 CORNELII
623 298 922 366 FRAGMENTA.
1063 315 1106 382 39

64 473 136 562 quis
149 473 251 539 nimio
266 472 340 539 vino
355 494 432 536 usus
447 471 587 536 officium
603 464 696 536 suum
714 492 777 534 non
793 450 854 534 rite
866 481 955 554 agat.
988 466 1103 531 Hostis

66 581 82 625 s
98 580 197 646 posse
214 560 257 624 ad
277 559 344 623 fieri
358 557 551 622 concludere
566 557 627 620 sibi
641 556 817 642 permittit3
836 554 915 618 'hinc
931 551 1103 651 Cornelius

65 643 150 734 idem
164 645 255 732 quod
269 646 339 732 jam
360 643 484 707 dixerat
502 641 560 728 ὥρᾳ
574 643 687 728 δεκάτῃ,
702 639 886 727 mentetua
900 651 1028 738 repetit,
1042 637 1104 701 ad··

65 729 143 828 deus
155 731 309 812 μεθύοντας
322 757 344 815 23
360 736 582 816 κραιπαλῶντας.
602 727 773 791 Sanora.
808 725 1017 789 Probabihter
1032 722 1103 786 haec

62 814 118 881 ille
127 839 138 893 3
159 830 196 880 st
207 815 359 898 μεθύοντας
374 813 470 877 ebrios
491 813 544 877 bic
562 812 740 898 significare
756 811 843 875 haud
858 825 981 896 putem,
995 807 1104 873 homi·
1198 860 1201 867 .

62 922 119 965 nes
130 923 205 964 vero
215 902 286 964 uino
299 921 370 964 usos
384 898 472 963 solito
487 897 629 962 liberius*
649 896 936 986 Quemadmodum
946 895 978 959 in
992 894 1103 958 Gener.

39 1036 44 1050 ,
62 984 143 1049 xliii.
153 999 205 1049 34.
218 987 355 1049 etJoan.
368 985 403 1049 ii.
418 999 465 1049 ιο.
481 982 671 1048 vocabulum
686 983 797 1064 μεθύειν
811 996 924 1068 potum
940 981 1037 1066 paulo
1052 979 1104 1043 hi·

61 1069 213 1135 lariorem
235 1070 414 1156 significan
437 1069 526 1156 qu'od
547 1091 611 1132 non
631 1068 736 1132 solum
757 1083 865 1132 ortum
884 1088 954 1130 esse
972 1088 1011 1129 ex
1031 1065 1103 1128 He-

61 1155 171 1221 braico
185 1177 293 1220 verum
307 1155 404 1220 etiam
422 1155 540 1218 Graeca
557 1153 711 1240 loquendi
731 1151 963 1218 cousuetudine
982 1149 1105 1214 doctis·

62 1238 139 1305 simi
152 1239 209 1304 viri
223 1240 265 1305 sd
278 1241 368 1305 locos
383 1239 570 1304 ostendunt.

107 1327 144 1390 P.
163 1325 315 1390 11.l.10.
338 1329 452 1410 siuovtufi
473 1326 525 1388 τινὶ
547 1326 595 1387 stul
616 1323 728 1406 ματαία
745 1323 952 1410 >capsas-iscla]
972 1321 1104 1386 Adum-

62 1410 190 1475 bratsm
217 1423 251 1475 et
277 1432 401 1474 cassam
429 1409 517 1473 illum
546 1389 719 1475 Novatiaui
748 1408 983 1474 ordinationem
1010 1418 1105 1472 vocat

64 1494 249 1573 Cornelius,
265 1495 354 1594 quod
375 1495 461 1558 facta
481 1507 565 1559 esset
586 1496 626 1559 ab
648 1495 778 1559 alterius
795 1493 965 1581 provinciae
980 1493 1106 1579 episco-

87 1579 127 1658 is,
144 1602 207 1644 noo
222 1582 264 1644 ab
278 1581 317 1644 iis
333 1580 389 1666 qui
403 1580 612 1645 consecrandi
635 1581 797 1645 Pontificis
817 1580 955 1644 Romani
972 1579 1028 1666 jus
1046 1578 1105 1642 ha-

70 1738 74 1747 ·
105 1665 197 1744 bant,
225 1665 406 1752 cujusmodi
433 1680 524 1729 erant
553 1665 722 1744 Ostiensis,
751 1666 939 1731 Tiburtinus
968 1678 1002 1729 et
1028 1663 1106 1727 alii:

87 1741 153 1813 tiod
174 1772 194 1812 s
214 1751 399 1814 temulentis
420 1751 529 1830 lacta3
552 1750 641 1837 quod
662 1772 720 1836 per
739 1751 801 1814 vim
812 1774 822 1829 3
844 1749 932 1836 quod
947 1749 1029 1813 hora
1041 1747 1106 1812 diei

63 1771 192 1899 decima
200 1859 211 1913 ;
232 1835 322 1922 quod
335 1857 397 1898 ooo
412 1849 569 1922 praesente
583 1835 706 1921 populo
721 1857 779 1900 nec
792 1836 896 1913 oler03
912 1834 1001 1922 quod
1015 1833 1106 1898 deui-

65 1940 130 2005 que
142 1921 207 1984 alio
218 1919 288 2007 jam
303 1919 457 2006 episcopo
470 1920 615 2006 legitime
627 1920 787 1985 ordinato.
818 1921 917 1985 Porro
932 1942 1006 1984 cum
1021 1919 1106 1984 Cor·

64 2003 170 2069 uellus
184 2004 253 2090 ipse
265 2017 335 2070 tam
347 2005 399 2069 hic
411 2019 482 2069 tum
492 2006 525 2069 in
537 2005 683 2091 Epistola
694 2006 736 2070 ad
747 2005 1105 2093 Cypriauumtestetur,

64 2089 286 2154 Notatianum
306 2113 325 2154 a
345 2091 448 2154 tribus
469 2090 628 2188 episcopis
642 2104 866 2155 consecratum
881 2091 991 2168 fuisse,
1006 2090 1107 2154 miror

66 2174 156 2259 quod
180 2175 290 2240 scribit
311 2175 466 2239 Pacianus
489 2198 522 2238 ro
544 2176 690 2262 Epistola
708 2191 738 2240 2.
760 2175 802 2241 ad
826 2175 1105 2261 Sempronianum.

64 2259 121 2322 An
135 2259 342 2337 Manlianus,
358 2282 449 2345 quem
463 2259 618 2325 absentem
636 2259 767 2346 epistola
787 2261 961 2346 episcopum
968 2260 1106 2346 fluuit?

65 2365 158 2429 quem
182 2354 375 2409 consecrante
400 2345 487 2409 nullo
513 2346 646 2410 linteata
669 2347 754 2411 sedes
778 2346 905 2431 accepit.
943 2348 985 2409 Et
1009 2345 1107 2431 paulo

64 2444 141 2514 post
155 2430 197 2494 de
210 2430 327 2496 eodem
342 2429 388 2494 ita
401 2431 555 2516 loquitur,
567 2430 632 2495 sine
646 2432 868 2496 consecratione
882 2431 912 2494 le
934 2431 1025 2495 itima
1040 2431 1106 2515 epi·

66 2529 190 2598 scopum
200 2516 345 2599 factum,
366 2513 494 2601 ideoque
514 2538 570 2579 nec
579 2515 723 2601 factum,
740 2532 799 2601 per
819 2515 915 2601 episto
949 2539 981 2579 m
1002 2539 1108 2581 eorum

87 2599 121 2662 ui
135 2622 168 2663 se
181 2600 363 2685 confessores
377 2621 441 2664 esse
454 2600 649 2664 simularent.
693 2604 741 2665 Ex
756 2603 872 2688 quibus
894 2602 1020 2665 Paciani
1037 2624 1106 2666 ver·

66 2621 116 2747 lis
137 2683 249 2769 colligi
271 2684 407 2763 videtur,
428 2685 647 2748 Novatianum
669 2687 835 2750 absentem
858 2687 956 2750 luisse
977 2686 1106 2751 ordina-

66 2781 136 2833 tum
159 2770 347 2854 episcopum
369 2783 427 2855 pe'r
443 2770 615 2854 epistolam
636 2771 851 2857 quorumdam
872 2772 1107 2851 confessorum,

66 2853 183 2918 eodem
199 2854 298 2920 modo
311 2876 378 2942 quo
391 2855 597 2940 magistratus
612 2879 630 2919 a
645 2856 788 2941 principe
804 2856 947 2920 mandari
960 2857 1108 2922 solebant

66 2959 124 3024 per
137 2939 320 3023 epistolam.
365 2940 547 3004 Linteatam
564 2963 637 3004 vero
659 2941 766 3005 sedem
790 2943 931 3027 appellat
953 2943 1107 3006 Pacianus

67 3025 283 3108 pontificalem
298 3025 496 3101 cathedram,
507 3025 645 3111 eoquod
658 3025 763 3090 liuteis
778 3040 983 3092 sterneretur.
1004 3027 1107 3114 Quod

68 3109 166 3173 mam
180 3123 317 3175 testatur
330 3110 536 3196 Augustinus
550 3111 654 3196 Epist.
666 3126 736 3176 203.
759 3113 797 3176 In
806 3113 923 3199 fotam
938 3111 1002 3176 Dei
1013 3112 1106 3196 judi-

70 3191 126 3272 cio,
138 3216 195 3258 nee
208 3194 328 3259 absides
339 3198 499 3280 gradatae,
512 3218 568 3259 nec
581 3195 738 3260 cathedrae
750 3196 876 3261 velatae.
899 3197 992 3260 Idem
1007 3210 1108 3260 testa-

70 3291 122 3342 tur
142 3280 280 3364 epistola
300 3281 455 3366 synodica
475 3281 701 3366 episcoporum
724 3282 864 3368 AEgypti
888 3303 984 3368 quam
1011 3281 1108 3346 refert

70 3363 265 3428 Athanasius
279 3365 313 3428 in
327 3367 492 3451 Apologia
507 3376 572 3440 πῶς
594 3367 621 3428 δὲ
641 3372 666 3429 ol
687 3368 735 3430 riu
753 3368 846 3466 spinos
866 3368 913 3430 τὸν
932 3365 1108 3448 &rumpitur

72 3450 251 3524 ὴισκσιικῶς
267 3448 428 3535 ὀδυρόμενοι,
444 3451 503 3515 &o
535 3451 690 3514 Ceterum
707 3454 860 3516 Pacranus
873 3452 919 3515 ita
932 3473 1006 3515 cum
1024 3451 1108 3517 Cor·

72 3534 155 3597 uelio
179 3534 342 3598 conciliari
371 3549 490 3620 potest,
516 3537 544 3599 si
573 3536 717 3601 dkamus
746 3537 976 3614 Novatianum,
1002 3538 1107 3622 primo
1142 3568 1146 3576 ¹

73 3619 199 3702 quidem
223 3641 244 3682 a
263 3620 501 3684 confessoribus
523 3621 557 3684 in
576 3643 703 3686 earcere
718 3622 831 3706 positis
846 3622 1034 3707 episcopum
1092 3646 1109 3689 r

72 3703 238 3787 epistolam
264 3704 467 3790 designatum
490 3706 610 3769 fuisse:
642 3722 756 3791 postea
781 3728 855 3772 vero
877 3730 897 3770 a
917 3708 1020 3772 tribus
1045 3645 1108 3773 ffis

73 3788 178 3873 episco
201 3788 228 3851 is
243 3789 439 3855 ordinatum.
461 3793 670 3855 Vssasius.

112 3874 165 3937 Ibi
190 3874 301 3938 .l.14.
323 3873 347 3959 ᾧ
364 3876 413 3937 nul
432 3877 643 3957 ἔκοινωνῆσαμεν
656 3879 693 3950 ὥς
706 3879 811 3962 Minoi]
827 3878 960 3963 Optime
978 3877 1109 3942 Rufinus

75 3959 163 4024 vertit
177 3958 264 4023 huno
279 3961 401 4038 locum,
414 3970 445 4024 et
460 3960 493 4024 in
507 3961 744 4026 communionem
758 3962 873 4026 laicam
884 3961 998 4046 popolo
1013 3963 1109 4026 etiam

75 4053 124 4122 pto
148 4042 206 4107 ltoc
224 4044 447 4109 interueniente
466 4058 622 4130 acceptus
642 4057 699 4111 est.
733 4049 861 4134 Quibus
883 4047 985 4111 verbis
1004 4046 1110 4113 innuit

79 4125 255 4208 Cornelius,
279 4131 468 4216 episcopum
492 4131 584 4194 illum
613 4132 669 4218 qui
693 4133 911 4198 Novatianum
938 4154 1012 4196 cum
1038 4131 1109 4197 aliis

80 4208 361 4303 duobus-collegis
383 4214 637 4294 ordinaremus
656 4237 692 4282 se
712 4217 896 4304 depositum
919 4229 1055 4296 essa-et
1075 4216 1109 4285 ia

564 4322 587 4365 Ι)
599 4313 620 4365 4
