2678 4756
282 548 886 705 nnnomrronns

135 780 198 880 IN
227 801 266 883 S.
290 801 582 884 VICTORINI
611 787 1023 883 FRAGMENTUM.

402 1037 760 1076 ιιι-*υ-

10 1233 12 1236 ·
102 1201 140 1266 P.
159 1214 229 1266 235.
251 1201 274 1265 l.
290 1215 320 1266 5.
352 1200 584 1270 Tuncunnus
606 1200 824 1265 V1c'ron1n1
855 1221 905 1265 nn
933 1210 1106 1264 nnsnrcl·

24 1352 28 1357 .
60 1289 213 1372 nunnr]
233 1287 500 1353 Commentarioli
516 1286 631 1353 edendi
645 1285 696 1351 his
710 1285 813 1351 verbis
825 1287 982 1351 rationem
995 1284 1102 1350 reddit

58 1375 150 1455 Guil.
167 1373 285 1440 Cavius
300 1374 334 1438 in
350 1373 438 1438 Hist.
453 1374 521 1439 Lit.
536 1388 618 1438 tom.
631 1372 653 1436 i.
668 1394 701 1458 p.
717 1385 782 1449 147.
793 1376 924 1438 “Extat
938 1394 1035 1460 penes
1046 1392 1105 1460 mes

57 1466 79 1501 ‘⁶
95 1460 258 1525 Victorini
274 1462 439 1525 Tractatns
454 1461 609 1526 hactenus
623 1458 760 1530 ineditus
777 1459 814 1524 de
828 1458 959 1524 Febrim
970 1458 1102 1538 Mundi,

57 1553 80 1587 “
90 1547 190 1635 quem
200 1569 241 1612 ex
250 1559 376 1612 vetusto
385 1547 497 1612 codiee
507 1546 711 1611 bibliothecae
719 1545 951 1610 Lambethanae
959 1545 1102 1632 descripa

57 1639 81 1672 “
93 1633 193 1698 sitvir
204 1634 245 1699 cl.
258 1630 420 1698 Henricus
431 1633 618 1711 Mauritius,
631 1634 664 1696 S.
673 1633 713 1696 T.
724 1633 759 1696 P.
773 1632 919 1697 Domino
930 1631 1103 1718 Archiepi-

55 1727 79 1760 “
96 1741 197 1806 scopo
209 1743 230 1785 a
240 1720 336 1785 sacris
349 1720 546 1801 domesticis,
559 1740 752 1806 mecumque
766 1720 905 1805 benigne
917 1719 1102 1784 communi-

56 1812 80 1846 “
95 1808 191 1871 cavit.
211 1809 253 1871 Et
263 1806 404 1871 secunda
409 1806 478 1894 jam
491 1807 559 1871 vice
569 1805 610 1869 ad
620 1807 716 1869 finem
726 1806 801 1869 MS.
812 1805 933 1869 codicis
944 1807 1103 1892 recogno-

56 1899 80 1932 “
94 1894 141 1958 vit
155 1893 201 1956 vir
216 1893 422 1957 doctissimus
438 1891 747 1977 candidissimusque
760 1890 924 1956 Johannes
938 1892 1100 1980 Batteley,¹

55 1985 80 2018 “
95 1977 213 2044 doctor
241 1978 432 2065 Theologus
460 1978 604 2066 ejusdem
634 1977 879 2064 Archiepiscopi
913 1977 1101 2043 sacellarius.

57 2071 82 2105 “
96 2064 181 2153 Quis
192 2065 289 2130 fuerit
298 2064 351 2128 hic
360 2066 560 2144 Victorinus,
570 2063 602 2128 in
613 2063 686 2141 cod.
696 2065 848 2128 Msnon
859 2063 988 2129 dicitnr.
1010 2066 1101 2129 Nos·

56 2159 81 2192 “
97 2166 188 2216 trum
202 2173 275 2215 vero
290 2172 359 2226 esse
374 2163 443 2216 tum
460 2152 575 2238 stylus,
591 2164 662 2215 tum
677 2171 727 2215 res
740 2148 810 2237 ipsa
823 2163 932 2236 aperte
948 2151 1101 2231 clamant,

56 2237 276 2324 “praesertim
289 2259 363 2301 cnm
376 2237 459 2301 ineo
473 2237 702 2302 Chiliastarum
713 2257 801 2301 error
811 2237 979 2302 manifeste
989 2236 1103 2302 defen*

55 2332 81 2365 ‘⁶
95 2323 201 2404 datur,
212 2345 309 2411 quem
320 2322 525 2403 Victorinum
538 2335 685 2388 nostrum
697 2322 813 2388 fovisse
824 2321 923 2388 tradit
935 2324 1102 2411 Hierony-

57 2417 84 2451 “
91 2432 189 2486 mus.
208 2411 274 2494 (De
283 2409 399 2495 Smipt.
411 2408 466 2474 Ill.
476 2432 506 2474 c.
518 2411 580 2491 18.)
596 2409 736 2474 Videtur
746 2431 816 2474 esse
824 2409 878 2473 hic
890 2408 1017 2474 libellus
1030 2415 1102 2474 ἀπο-

55 2503 80 2536 “
94 2497 275 2580 cxurpdnov
291 2495 456 2584 quoddam
472 2518 511 2560 ex
528 2497 698 2560 Commeat.-
713 2495 762 2559 vel
782 2495 815 2560 in
837 2495 991 2576 Genesin,
1005 2497 1054 2561 vel
1068 2498 1103 2562 in

56 2581 309 2670 “Apocalypsin
322 2583 523 2669 decerptum,
536 2582 626 2669 quod
637 2581 771 2668 proinde
784 2593 855 2646 tum
866 2595 996 2668 propter
1004 2605 1100 2647 vene·

55 2676 80 2709 “
94 2669 229 2734 ‘rendam
249 2669 486 2756 antiquitatem,
502 2685 575 2732 tuin
590 2681 723 2755 propter
737 2668 934 2732 celeberrimi
951 2670 1102 2757 martyris

56 2762 81 2796 “
93 2756 216 2821 famam
238 2755 291 2820 hic
311 2755 430 2842 subjun
456 2776 519 2818 am.
556 2755 609 2818 Sic
624 2775 704 2840 ergo
718 2753 817 2819 habet
836 2754 937 2818 codex
960 2755 1102 2820 Lambe-

56 2847 80 2881 “
96 2841 228 2921 thanus,
242 2842 355 2906 vitiose
370 2775 500 2928 quidem
518 2840 550 2904 in
566 2840 737 2917 nonnullis,
750 2855 823 2926 quae
838 2861 967 2905 sensum
982 2841 1103 2908 alicubi

56 2928 205 2992 “minus
234 2927 357 2992 clarum
387 2926 535 2991 reddunt.
591 2924 803 3013 Conjecturas
829 2926 997 3013 quasdam,
1021 2949 1101 3013 quas

32 3054 33 3058 =
56 3012 244 3100 “praedicti
265 3013 415 3077 doctores
433 3011 726 3092 subministrarunt,
742 3012 774 3075 in
790 3014 971 3098 marginem
986 3014 1100 3100 conje-

57 3095 234 3164 “cimus.''·
271 3100 355 3162 Haec
370 3099 415 3162 vir
430 3098 722 3182 praestantissimus.
768 3099 882 3163 Postea
895 3121 968 3163 vero
983 3098 1101 3164 doctus

57 3185 114 3251 ille
134 3207 225 3250 novae
244 3181 394 3248 editionis
410 3185 564 3248 Historiae
583 3183 731 3248 Cavianae
747 3184 930 3264 adornator,
946 3207 1011 3248 non
1028 3198 1100 3250 tan·
1202 3197 1205 3201 ’

57 3284 130 3336 tum
152 3271 353 3358 ‘opusculum
379 3269 465 3333 istud
489 3269 700 3356 repetendum
726 3272 857 3350 curavit,
881 3270 938 3334 sed
959 3285 992 3335 et
1013 3270 1102 3338 aliud

16 3425 21 3432 ,
57 3369 220 3445 praeterea.
246 3355 367 3420 codicis
400 3356 615 3420 Lambethani
647 3357 832 3442 exemplum
865 3358 1014 3422 accurate
1043 3357 1102 3422 de·

58 3443 215 3529 scriptum
229 3442 359 3528 adjecit,
374 3441 483 3506 addita
496 3442 612 3507 notitia
626 3443 706 3528 ejuS,
721 3461 792 3529 quae
808 3443 963 3529 sequitur.
995 3450 1020 3484 “
1032 3443 1101 3522 Co-

58 3535 82 3569 “
97 3529 162 3594 dex
179 3528 233 3593 hic
248 3529 325 3592 MS.
340 3550 437 3615 quem
452 3528 619 3614 descripsit
634 3530 793 3593 Henricus
812 3529 997 3608 Mauritius
1012 3544 1102 3618 post·

58 3620 82 3654 “
95 3615 200 3702 eaq'ne
220 3614 406 3700 recognovit
424 3615 589 3679 Johannes
613 3615 774 3702 Batteley‚
797 3626 933 3703 uterque
954 3615 1101 3683 Domino

58 3699 351 3787 “jArchiepiscopo
382 3699 478 3765 Cant.
508 3721 528 3764 a
556 3701 652 3765 sacris
687 3701 885 3780 domesticis
915 3702 1017 3767 codex
1052 3718 1102 3770 est

46 3788 82 3828 “‘
95 3787 361 3852 membranaceus
395 3785 428 3850 in
463 3799 577 3874 quarto
611 3787 823 3852 Bibliothecae
857 3790 1110 3873 Lambethanae,

57 3878 229 3954 “notatus
252 3871 372 3936 ibidem
393 3873 455 3938 ΝΟ.
470 3887 521 3952 90.
544 3884 686 3937 vetustus
708 3894 795 3953 sane,
808 3872 930 3960 utpote
951 3876 1006 3962 qui
1027 3891 1101 3942 800.

58 3959 223 4024 “circiter
245 3980 345 4023 annos
370 3958 498 4023 habeat.
550 3958 706 4023 Continet
728 3960 811 4023 inter
832 3960 934 4024 varios
961 3959 1107 4036 aliorum*

57 4051 82 4084 “
96 4056 264 4124 tractatus,
280 4043 368 4109 hunc
381 4043 542 4110 Victorini
557 4045 597 4110 de
617 4046 748 4110 Fabrica
763 4044 883 4109 Mundi
897 4069 916 4109 a
930 4067 963 4131 p.
974 4058 1024 4121 71.
1042 4048 1099 4133 qui

58 4130 166 4196 “sine
193 4130 324 4195 alt'erius
347 4129 468 4196 codicis
493 4151 556 4216 ope
583 4131 756 4196 emaculari
785 4131 859 4194 satis
889 4153 952 4194 non
979 4146 1105 4218 potest,

58 4223 83 4258 ‘⁶
97 4215 190 4308 quod
208 4216 243 4282 in
262 4215 331 4283 aliis
351 4216 448 4284 etiam
463 4217 564 4296 libris,
579 4217 636 4303 qui
651 4217 747 4285 unico
762 4216 909 4284 nituntur
922 4217 1024 4284 MSto
1037 4219 1098 4284 coss

552 4316 612 4367 1³2
