2678 4756
429 503 996 604 ANNOTATION-ES

253 731 315 813 IN
342 730 589 813 CONClLll
619 730 865 811 NEOCAES.
895 728 1173 810 CANONES.

576 981 845 1023 ...Φ-..-

235 1158 269 1222 Ρ.
279 1171 350 1236 457.
367 1156 390 1224 l.
401 1175 430 1224 5.
445 1159 665 1247 Νεοκαισαρόᾳ]
677 1160 889 1226 Neocaesarea
901 1172 950 1224 est
960 1158 1041 1224 urbs
1055 1157 1219 1265 Cappado-

188 1244 248 1309 cire
270 1246 300 1309 in
328 1247 429 1310 Ponto
455 1245 689 1323 Polemoniaco,
713 1247 798 1311 unde
823 1247 919 1311 etiam
943 1252 959 1324 ἦ
980 1250 1061 1309 κατὰ
1083 1251 1220 1311 Umor

187 1331 379 1397 Bdlsanrone
400 1347 433 1396 et
457 1333 584 1396 Zonara
599 1332 660 1397 hoc
675 1334 706 1396 in
723 1332 796 1397 loco
810 1333 947 1398 dicitur:
969 1331 1013 1395 de
1028 1353 1098 1418 qua
1115 1332 1220 1397 Plinio

188 1417 334 1482 meminit
352 1418 439 1482 Hist.
456 1419 534 1481 Nat.
550 1418 606 1483 lib.
618 1418 658 1483 vi.
673 1440 743 1504 cap.
758 1433 788 1482 3.
810 1435 842 1484 et
865 1418 1063 1487 Ptolemaeus
1079 1418 1114 1481 in
1132 1418 1221 1505 prims

187 1503 299 1567 tabula
313 1504 412 1567 Asia.
448 1504 512 1567 Hic
526 1526 606 1590 ergo
621 1504 781 1568 celebrata
797 1505 858 1568 fnit
872 1510 1011 1589 prtesens
1028 1505 1178 1590 synodus
1189 1504 1221 1568 ab

188 1587 302 1652 iisdem
318 1590 385 1653 fere
407 1588 564 1668 Patribus,
581 1613 601 1654 a
620 1591 737 1676 quibus
751 1591 822 1654 Anc
862 1611 934 1666 ana,
948 1603 981 1654 et
996 1589 1120 1657 eodem
1137 1590 1221 1655 etiam

188 1696 284 1752 anno,
301 1674 347 1738 vel
363 1673 476 1738 saltem
493 1678 649 1761 sequenti,
666 1675 729 1738 sive
744 1698 796 1739 an.
813 1614 913 1739 lilm.
928 1689 998 1739 315.
1039 1672 1143 1740 Unde
1156 1699 1220 1740 con·

186 1773 252 1825 stat
266 1760 348 1826 hanc
362 1775 437 1824 ante
455 1762 622 1825 Nicaenam
645 1761 812 1849 Synodum
828 1762 940 1825 decern
955 1760 1031 1846 plus
1048 1762 1220 1827 minuetur·
1258 1790 1260 1795 ·

188 1846 236 1910 nis
252 1845 393 1911 habitam
408 1847 518 1910 luisse.
562 1849 604 1912 Et
620 1869 657 1911 ea
672 1847 802 1934 quidem
825 1846 1043 1935 antiquiorem
1059 1869 1133 1912 esse
1149 1848 1219 1913 Dio·

187 1933 298 2019 nysius
321 1934 463 2018 Exiguus
485 1933 583 1996 etiam
605 1947 741 1998 testatus
763 1947 812 1998 est
834 1935 866 1998 in
888 1932 1080 2019 praefatione
1105 1932 1147 2001 ad
1172 1934 1221 1999 hos

185 2039 336 2096 canones,
352 2018 470 2096 dicens,
492 2021 532 2082 Et
553 2019 602 2082 hae
624 2019 745 2106 regulae
767 2035 841 2106 post
861 2041 914 2083 eas
957 2019 1067 2082 uidem
1086 2020 1221 2118 proban·

185 2117 248 2182 tur,
262 2128 334 2191 quae
349 2103 434 2189 apud
450 2106 614 2192 Ancyram
629 2107 782 2192 exposite
798 2121 885 2183 sunt,
901 2128 915 2168 s
973 2105 1124 2170 Nicaems
1140 2119 1220 2181 ante·

184 2190 283 2253 riores
295 2190 504 2274 reperiuntur.
529 2191 570 2253 Et
584 2205 673 2256 vetus
686 2193 818 2255 Latinus
830 2191 984 2276 interpres
995 2190 1105 2263 insua
1116 2191 1219 2257 itidem

184 2275 225 2339 ad
248 2274 307 2338 hos
330 2297 468 2339 canones
489 2277 687 2362 prael'atione,
706 2277 827 2356 dicens,
851 2277 907 2340 lsti
930 2296 1074 2342 canones
1096 2278 1221 2342 secundi

183 2375 258 2426 sunt
270 2361 517 2448 Ancyrensiutn.
530 2362 585 2447 qui
600 2360 712 2446 (apud)
726 2364 961 2427 Neocaesariam
976 2376 1055 2426 sunt
1068 2364 1220 2449 expositi:

182 2463 215 2513 et
231 2447 263 2510 hi
279 2448 399 2533 priores
415 2462 489 2511 sunt
505 2448 659 2511 Nicaenis.
704 2450 759 2511 Ab
776 2449 838 2512 hoc
859 2449 1008 2512 Concilio
1024 2448 1058 2511 in
1075 2450 1220 2514 omnibus

183 2535 307 2594 Graecis
321 2533 498 2610 codicibutr,
514 2532 714 2596 Balsamonis
731 2535 906 2619 praesertim
918 2547 950 2597 et
965 2535 1122 2614 Zonarae,
1136 2536 1220 2622 quin-

181 2618 287 2681 decim
315 2639 452 2680 canones
480 2620 556 2682 editi
582 2618 800 2704 perhibentur.
850 2621 913 2683 Sed
939 2620 971 2683 in
998 2635 1244 2686 nomocanone'

181 2704 324 2766 Arabico
353 2704 385 2766 in
412 2704 614 2768 Bibliotheca
640 2719 746 2768 nostra
773 2705 948 2769 Bodleiano
975 2707 1219 2791 quatuordecim

181 2805 308 2853 tanturn
325 2807 539 2853 numerentur.
584 2791 713 2876 Quippe
729 2793 759 2854 in
777 2814 842 2877 quo
858 2792 898 2854 de
914 2793 1069 2876 praesenti
1089 2793 1220 2880 Synodo

184 2876 253 2938 haec
270 2875 425 2938 habemus
443 2877 582 2957 (Latine)
601 2877 645 2939 Et
663 2888 767 2940 sectos
781 2888 824 2940 est
841 2876 917 2939 liber
931 2900 1086 2941 cononum
1100 2878 1220 2943 secundi

185 2961 315 3024 Concilii
335 2962 366 3024 in
391 2961 568 3047 Cortogend
585 2963 671 3041 (sic),
686 2963 881 3026 ‹Ienominoto
900 2963 996 3026 etiam
1019 2966 1180 3044 Coesorerz,
1193 2975 1219 3028 et

181 3069 326 3110 nutrieras
341 3060 407 3110 erat
424 3047 654 3132 quinquaginta
670 3049 829 3132 Episcopi,
843 3061 872 3111 et
888 3049 1052 3112 ediderunt
1072 3063 1216 3135 quotuor·

181 3133 279 3196 decim
292 3155 421 3196 conones
433 3133 470 3195 de
483 3133 624 3218 conjugio
636 3145 664 3196 ct
679 3133 892 3197 sacerdotibus.
917 3137 957 3197 Et
969 3135 1014 3197 sic
1026 3135 1127 3199 etiam
1142 3137 1216 3221 pris-

181 3241 228 3282 cae
244 3218 392 3282 editionis
408 3219 513 3282 latinae
529 3237 634 3294 autor,
652 3234 685 3282 et
700 3219 878 3305 Dionysius
894 3220 1054 3305 Exiguus,
1068 3237 1101 3285 et
1118 3222 1217 3286 lsido·

181 3327 235 3368 rus
252 3306 415 3368 Mercator
430 3303 671 3389 quatuordecim
689 3321 812 3368 tantum
828 3327 965 3368 canones
981 3305 1058 3369 huic
1074 3305 1217 3371 Concilio

180 3391 378 3466 adscribunt,
406 3389 566 3452 decimum
594 3391 736 3467 tertium,
762 3406 795 3454 et
822 3391 984 3454 decimum
1008 3406 1162 3476 quartum
1189 3394 1216 3456 in

180 3498 281 3539 unum
298 3476 533 3540 contrahentes.
551 3477 746 3539 Buvsnso.
776 3477 861 3539 Cum
879 3476 983 3561 magis
999 3476 1142 3542 debeant
1156 3478 1215 3542 duo

180 3562 214 3624 hi
229 3583 366 3624 canones
382 3561 465 3624 inter
485 3583 518 3623 se
536 3561 701 3647 conjungi,
716 3563 905 3624 Latinorum
922 3583 986 3648 ego
999 3563 1215 3647 computatio

180 3670 253 3710 nem
270 3645 437 3730 amplexus
452 3669 541 3723 sum3
566 3647 619 3710 cui
641 3649 724 3710 l'avet
748 3647 897 3712 Usserius
911 3646 1215 3735 archiepiscopnsin

181 3729 327 3818 ‚Epistola
348 3754 406 3794 sua
426 3754 457 3794 x.
479 3732 520 3794 ad
541 3753 617 3816 pag.
635 3747 680 3796 18.
703 3733 780 3796 edit.
799 3732 904 3796 Lond.
926 3733 1020 3796 simul
1036 3755 1111 3798 vero
1129 3737 1213 3799 Gan·

179 3818 285 3906 grensi
306 3816 444 3881 concilio
464 3839 602 3880 canones
625 3817 734 3903 viginti
754 3841 812 3903 pro
834 3818 1040 3882 novendecim
1061 3821 1214 3885 adnume-

178 3929 261 3969 rans·
290 3905 409 3967 Verum
426 3903 586 3966 enimvero
603 3902 676 3967 lruic
692 3905 868 3967 recensioni
884 3903 1036 3968 accedere
1052 3908 1156 3991 possit
1171 3905 1214 3971 rel

179 3993 294 4054 Graeca
306 3989 491 4065 auctoritas,
506 3989 657 4074 quoniam
670 3991 701 4052 in
714 3990 822 4053 Codice
835 3991 1004 4068 Cononem,
1015 4014 1115 4089 quem
1126 4006 1213 4056 vocat

178 4075 332 4140 Ecclesiae
357 4075 515 4138 otrizursoe
538 4074 601 4137 Ch.
623 4077 789 4153 lustelluS,
810 4099 843 4141 sc
866 4098 915 4139 res
938 4076 1087 4140 similiter
1107 4078 1211 4141 habet.

179 4165 277 4228 Porro
294 4161 325 4225 in
342 4161 427 4224 codd.
442 4159 555 4223 duobos·
571 4161 762 4240 Bodleiunis,
780 4184 918 4248 quorum
934 4162 1015 4227 alter
1028 4164 1141 4228 saeculi
1157 4186 1211 4227 un-
