2678 4756
247 299 310 364 116
586 294 948 365 ANNOTATIONES

951 397 1048 424 N

199 484 202 491 ·
247 467 378 545 ostendi,
391 480 425 532 et
439 466 575 532 subinde
588 466 753 534 admonent
769 491 828 569 pro
843 469 1005 537 admoniti.
1043 471 1188 558 Optimae
1203 484 1292 541 notra

245 553 350 619 codex
366 552 461 618 Colb.
476 555 528 619 oui
550 567 583 617 et
606 553 843 642 Corb.ali1que
863 557 979 634 favent,
997 557 1154 623 sinceram
1174 560 1293 625 lectio·

245 660 318 703 nem
334 641 515 703 asservavit.
539 639 762 704 Cousrsnr.
796 642 904 706 Quem
921 642 1050 729 quidem
1066 644 1167 709 virum
1180 645 1292 711 erudi-

244 735 315 789 tum
333 725 395 790 hoc
411 725 484 788 loco
500 740 628 788 secutus
644 747 727 788 sum.
750 725 841 790 Edit.
858 727 1061 793 Benedictino
1075 729 1174 795 habet
1187 742 1292 796 osterr-

245 808 333 873 ditur
352 826 386 875 et
404 811 611 874 admonemus.
646 810 738 876 Edit.
758 814 857 876 Onon.
874 813 1046 879 ostenditur
1060 827 1093 879 ct
1110 815 1289 889 admoneat.

244 894 310 959 Sed
326 896 383 960 diu
397 910 471 959 ante
488 895 716 961 Constantium
738 897 770 961 in
785 898 980 964 Manutiono
995 898 1070 965 edit.
1085 899 1154 966 duo
1166 900 1224 967 isti
1235 900 1286 966 in-

243 978 354 1046 finitivi
367 982 537 1047 extiterant
550 981 668 1044 ostendi
682 995 716 1046 et
731 982 900 1048 admoneri.

497 1326 685 1392 CONCIL.
709 1322 944 1392 CARTHAG.
968 1327 1033 1391 ΙΙΙ.

245 1538 249 1545 -
287 1497 320 1560 P.
334 1507 384 1571 74.
400 1495 423 1560 l.
437 1511 467 1559 5.
492 1497 647 1584 Synodion
658 1497 725 1562 lraec
736 1495 896 1582 Epistola]
910 1496 1019 1595 Hujus
1031 1495 1180 1583 epistole
1194 1519 1284 1562 men·

241 1580 289 1644 tio
303 1595 391 1645 extat
403 1581 489 1666 apud
505 1599 651 1647 sanctum
665 1584 885 1669 Augustinurn
902 1585 934 1647 in
950 1584 1033 1648 lrbro
1046 1584 1088 1647 de
1099 1583 1285 1649 Gestis-Pe·

240 1664 320 1750 lagii
335 1688 405 1752 cap.
420 1682 466 1728 ιι.
482 1681 514 1731 et
535 1668 567 1732 in
589 1669 671 1733 libro
692 1683 807 1754 quarto
824 1683 937 1732 contra
950 1668 1029 1732 duas
1048 1668 1211 1754 Epistulas
1228 1671 1285 1734 Pe·

240 1749 444 1836 lagianorum
468 1775 538 1840 cap.
562 1766 592 1818 Β.
619 1770 654 1818 et
676 1755 708 1818 in
732 1776 879 1818 sermone
905 1767 975 1832 294.
1005 1776 1095 1817 novae
1122 1753 1285 1819 editionis.

242 1837 396 1901 Meminit
409 1837 553 1923 ejusdem
565 1838 662 1903 etiam
676 1841 898 1926 Hieronymus
909 1840 941 1902 in
956 1838 1055 1902 Calce
1066 1839 1165 1904 Diolo
1212 1862 1284 1905 rum

240 1923 391 1987 adversus
413 1923 610 2010 Pelagianos.
648 1925 732 1989 Vide
747 1925 867 1989 librum
881 1925 1020 2012 Georgii
1034 1924 1157 1989 Οαεεαιι
1183 1924 1284 1991 ri-ad·

240 2029 349 2072 versus
361 2009 606 2095 -Anabaptistas
629 2011 841 2074 Beuozrus.
1039 2077 1041 2081 ,

283 2093 367 2159 Ibid.
383 2093 406 2158 l.
418 2111 450 2173 9.
472 2116 608 2158 numero
625 2096 745 2181 extu]
759 2094 887 2160 Videsis
903 2094 990 2183 quod
1003 2107 1078 2160 aute
1090 2108 1284 2161 annotatum

239 2194 288 2244 est
304 2179 344 2243 ad
361 2180 486 2244 Concil.
504 2201 549 2243 11.
568 2201 599 2266 p.
617 2195 683 2258 109.

278 2264 368 2352 ibid.
393 2265 487 2348 Fido]
507 2264 666 2329 Pamelius
688 2264 734 2328 ait
756 2286 818 2328 nou
841 2266 985 2363 potuisse
1007 2287 1043 2330 se
1064 2265 1203 2352 reperire
1217 2278 1282 2354 q'uo

237 2350 271 2415 iu
285 2351 359 2414 loco
376 2349 472 2417 Fidus
487 2349 585 2413 fuerit
598 2349 963 2436 episcopus,.verrsin1ile
977 2363 1086 2415 tamen
1099 2372 1172 2416 esse
1184 2352 1283 2417 fuisse

238 2435 377 2498 vicinum
399 2432 560 2520 Therapii,
581 2436 688 2520 quiin
709 2434 835 2522 synodo
856 2435 959 2499 sancti
980 2435 1136 2523 Cypriani
1157 2458 1282 2522 coguo-

239 2521 381 2584 minatur
396 2543 414 2583 a
429 2520 533 2584 Bulla.
559 2519 634 2599 (vid.
650 2542 746 2604 supra
764 2520 893 2585 Concill.
906 2542 978 2585 vrr.
995 2542 1027 2605 p.
1040 2523 1119 2602 103.)
1155 2521 1282 2586 Motel-

238 2606 301 2671 lius
317 2605 439 2692 putarit
453 2605 551 2668 fuisse
566 2620 690 2669 tanturn
710 2605 945 2753 presbyterum.
967 2608 1180 2672 Beauzms.
1225 2607 1282 2672 Ait

239 2691 427 2757 Pearsonius
446 2692 477 2754 in
495 2688 616 2754 Aorsoi.
632 2692 755 2755 “Dum
778 2691 825 2754 ili
845 2691 878 2754 in
899 2691 1037 2754 concilio
1057 2704 1161 2765 erant,
1175 2692 1282 2757 allata

235 2784 258 2829 t‘
274 2790 349 2841 stunt
364 2798 384 2840 a
397 2775 477 2874 Fld⁰
493 2777 658 2862 episcopo,
674 2790 711 2839 ut
726 2774 862 2855 videtur,
878 2777 1005 2862 scriptae
1019 2777 1155 2856 literae,”
1169 2777 1214 2842 ad
1229 2801 1281 2843 an.

235 2876 305 2926 253.
323 2874 401 2925 sect.
414 2884 456 2925 lx.

280 2946 402 3012 1bid.l.
420 2960 467 3011 10.
490 2947 623 3011 Victore
638 2946 801 3044 quondam
823 2947 1024 3034 presbytero]
1045 2934 1212 3032 Rigaltius¹
1224 2948 1280 3028 ait,

237 3032 302 3101 Iste
328 3031 435 3098 Victor
460 3031 617 3119 quondum
642 3055 675 3096 rn
702 3031 827 3096 ecclesia
849 3033 1022 3118 presbyter,
1048 3030 1132 3096 mole
1156 3045 1282 3098 seruato

226 3116 309 3207 fide,
325 3115 484 3182 ecclesium
499 3117 658 3195 omiserat,
674 3129 704 3181 et
716 3132 835 3202 pacem.
873 3120 986 3206 Itaque
1002 3117 1063 3183 ,etsi
1079 3135 1193 3202 pacem
1206 3141 1281 3205 quo·

237 3204 453 3290 modocnnqne,
472 3202 528 3266 lroc
541 3213 587 3268 est
601 3217 800 3287 praepropero
817 3201 1189 3350 Therapr'ihsestefootione
1201 3226 1281 3269 roce-

235 3290 342 3376 pisset,
365 3289 493 3354 minime
516 3301 620 3352 tomen
644 3288 743 3352 locum
767 3289 800 3352 in
821 3288 948 3352 ecclesio
989 3309 1022 3350 oc
1038 3299 1085 3350 est
1104 3286 1282 3375 presbyteri

237 3373 381 3446 donorem
395 3385 562 3458 receperat.
603 3374 688 3437 Bene
703 3373 813 3460 igitur,
829 3384 923 3461 utque
936 3395 976 3437 ex
989 3371 1158 3456 disciplima
1172 3373 1280 3451 veteri,

236 3459 361 3545 scripsit
392 3461 437 3546 Cy
478 3459 577 3537 ianus,
608 3458 646 3522 de
673 3459 796 3523 Victore
825 3459 981 3546 qnondam
1032 3457 1201 3544 resbytero,
1227 3459 1280 3547 qui

236 3567 318 3615 nomo
333 3544 415 3608 inter
442 3544 524 3607 eicos
538 3543 781 3608 communicabat
793 3542 941 3609 ecclesioe.
980 3544 1067 3607 Idem
1080 3566 1152 3630 ergo
1172 3545 1279 3613 Victor

236 3631 276 3695 de
299 3628 376 3697 laico
400 3627 561 3714 presbyter
569 3655 586 3706 ,z
606 3628 643 3690 de
661 3627 837 3715 presbytero
856 3627 985 3713 lapsus:
1008 3627 1152 3712 delapso
1174 3629 1277 3714 poeni-

237 3727 328 3781 tens:
352 3714 389 3780 de
400 3713 571 3799 poenr'tente
586 3712 695 3793 laicos.
729 3716 834 3814 Supra
848 3713 1095 3792 observavimus,
1112 3736 1179 3778 non
1195 3738 1278 3780 sem-

279 3825 294 3865 r
315 3800 347 3867 itt
368 3798 503 3864 ecclesia
520 3799 708 3875 obtinuisse,
724 3813 761 3864 ut
776 3822 809 3863 ru
824 3799 956 3864 clericos
978 3798 1215 3884 delinquentes,
1228 3822 1279 3867 so·

234 3821 303 3952 liin
326 3907 382 3971 per
404 3884 638 3970 depositionem
660 3883 702 3948 ad
719 3884 981 3949 communionem
1001 3884 1116 3948 laicam
1130 3884 1276 3951 animod-

236 3984 420 4038 verteretur.
465 3969 602 4033 Constat
615 3969 783 4034 Victorem
804 3969 939 4034 ecclesia
961 3970 1090 4055 pulsum
1111 3969 1153 4034 ad
1176 3971 1278 4057 poeni·

235 4056 369 4125 tentiam
385 4077 523 4142 eamque
536 4054 693 4119 diutinam
709 4053 896 4119 admissum.
916 4100 920 4105 -
941 4053 1035 4120 Licet
1054 4076 1129 4119 vero
1150 4055 1277 4155 synodo

235 4156 312 4245 post
327 4141 469 4208 reditum
491 4139 645 4228 Cypriani
668 4140 819 4219 secunda,
837 4139 935 4225 lapsis
955 4141 999 4204 ob
1019 4153 1276 4225 persecutionem

235 4241 438 4317 ingruentem
453 4225 635 4307 indultum,
651 4237 839 4293 tamennon
855 4246 894 4291 oa
907 4246 999 4308 meus
1011 4239 1145 4312 patrum
1156 4239 1230 4311 oret
1240 4239 1276 4293 ut
