2678 4756
392 267 463 334 ἸΝ
485 268 518 333 S.
542 218 763 333 PHmM.
1039 287 1102 352 401

67 461 184 542 nempe
197 439 284 506 hunc
299 461 318 504 a
333 439 427 504 Petro
443 439 624 540 depositum
640 438 748 518 fuisse,
763 460 837 504 eum
853 437 964 504 multis
978 437 1048 509 aliis
1062 439 1104 504 de

65 550 183 606 cauus,
206 542 276 592 tum
304 525 392 612 quod
420 525 512 590 idolrs
541 525 757 590 sacrificasset.
808 527 909 605 Nam,
934 537 969 590 ut
990 539 1103 590 monet

65 614 207 677 Maffeus
222 606 271 676 ad‘
282 633 358 698 pag.
374 617 424 675 26.
447 611 607 676 Osservaz.
629 632 705 675 cum
727 609 807 674 nihil
828 611 960 676 omnino
978 610 1011 675 in
1031 610 1101 699 epi·

64 699 149 762 stola
166 721 222 763 sua
245 699 355 763 Petrus
375 698 405 761 ei
425 697 579 784 objecerit
599 712 717 782 praeter
734 695 929 781 principatus
946 694 1101 783 cupidita·

66 795 141 862 tem,
159 783 209 847 vix
230 797 263 847 et
282 804 322 847 ne
342 784 391 847 vix
412 784 541 868 quidem
561 782 756 846 credendum
775 795 835 860 est,
855 795 926 847 tum
947 783 1101 868 temporis

63 870 257 934 sacrificasse
279 868 461 947 Meletium‚
476 869 579 954 magis
594 890 668 932 vero
690 881 799 953 postea
817 868 857 931 ab
879 890 919 933 eo
939 881 1100 953 patratum
1125 886 1129 892 ·

63 976 135 1019 esse
161 955 224 1019 hoc
249 954 415 1019 delictum.
465 955 562 1018 Porro
589 953 666 1017 dum
694 952 916 1037 Epiphaniam
943 967 1099 1033 asserunt,

62 1040 180 1104 Arium
203 1039 290 1126 apud
308 1039 525 1104 Alexandrum
550 1038 680 1103 haeresis
701 1061 721 1102 a
741 1037 879 1102 Meletio
900 1040 1098 1126 postulatum

63 1122 176 1204 fuisse,
191 1127 228 1190 iis
245 1125 376 1189 minime
392 1124 574 1189 adversatur
588 1126 806 1210 fragmentum
820 1138 976 1204 nostrum,
986 1124 1019 1188 in
1033 1145 1099 1210 quo

61 1210 164 1276 Arius
179 1209 315 1275 Meletio
331 1210 443 1275 favisse
458 1210 596 1290 dicitur3
620 1232 693 1274 nam
706 1210 820 1273 Arium
834 1222 940 1295 partes
954 1210 1097 1298 ejusdem

62 1296 192 1362 Meletii
209 1297 387 1383 reliquisse,
405 1310 575 1382 antequam
594 1319 613 1362 a
633 1297 666 1360 S.
686 1297 779 1359 Petro
798 1294 952 1360 diaeonus
970 1295 1098 1360 ordina-

62 1394 119 1448 tus
132 1395 226 1458 esset,
241 1381 275 1446 id
290 1377 534 1468 supra'testatus
549 1395 597 1446 est
612 1383 823 1446 Sozonrenus.

113 1467 279 1532 Caeterum
305 1480 379 1554 post
405 1466 524 1553 sopitas
549 1490 569 1531 a
596 1466 745 1531 Concilio
770 1467 907 1530 Nieaeno
932 1465 990 1530 has
1014 1465 1098 1547 lites,

63 1552 196 1640 'amjam
218 1553 392 1618 moriturus
413 1551 568 1617 Meletius
589 1553 747 1618 Joannem
768 1550 926 1638 quendam
949 1552 982 1616 in
1003 1574 1098 1617 sunm

74 1661 172 1704 ocum
190 1639 380 1724 subrogasse
396 1638 495 1703 fertur
504 1663 515 1717 3
538 1660 604 1724 quo
622 1639 708 1703 facto
727 1637 897 1702 Meletiani
912 1658 985 1702 cum
1002 1639 1097 1702 Aria-

22 1730 25 1735 '
62 1724 113 1790 nis
134 1723 298 1811 conjuncti
317 1724 486 1789 ecclesiam
507 1725 634 1788 turbare
655 1737 860 1810 perrexerunt
870 1747 881 1801 ;
903 1723 949 1788 ita
970 1739 1099 1790 narrant

61 1812 264 1875 Sozomenus
286 1810 319 1873 in
343 1809 401 1874 lib.
423 1809 458 1874 ii.
487 1807 575 1875 Hirr.
599 1828 664 1873 susa
686 1830 780 1896 capp.
805 1822 937 1872 21-23.
961 1825 995 1873 et
1019 1810 1097 1896 Epi·

61 1894 200 1981 phanius
218 1894 251 1959 in
270 1895 446 1981 posteriore
464 1908 554 1980 parte
568 1894 691 1960 Hceres.
706 1894 802 1959 lxviii.
818 1915 890 1981 quae
905 1892 1097 1959 Meletirrno·

60 2003 133 2045 rum
148 1993 209 2045 est.
231 1981 278 2045 At
302 2002 342 2055 ue
355 1981 451 2046 etiam
468 1981 581 2068 quinto
595 1980 738 2045 ecclesiae
753 1979 873 2045 saeculo
888 1979 975 2044 idem
990 1981 1096 2046 adhuc

59 2066 239 2168 perstitisse
252 2003 401 2147 sczisma,
418 2067 521 2156 liquet
538 2088 577 2132 ex
594 2065 791 2131 Theodoreti
809 2066 932 2130 Haeret.
948 2065 1023 2130 Fau.
1038 2066 1096 2145 lib.

60 2175 103 2218 nr.
116 2173 187 2240 cap.
199 2165 231 2230 7.

102 4306 192 4353 VOL·
208 4304 270 4352 111.
