2678 4756
226 322 268 421 ,s
424 346 427 351 -
561 320 917 387 suuomuouas

227 488 476 576 interpellantis:
504 491 562 555 Cui
586 490 764 557 commisisti
788 491 944 555 Dominici
967 490 1131 591 sanguinis
1151 514 1259 559 conse·

226 576 392 641 orationem
411 576 486 660 (hoc
501 588 550 641 est
563 576 737 641 consecrati
756 575 918 664 sanguinis
937 576 1076 642 Domini·
1087 576 1257 665 dispensa-

226 661 371 743 tionem)
389 661 438 725 cui
453 662 755 726 conuommondornm
778 662 962 730 consortium
980 666 1256 743 samammtoram,

227 746 298 810 huic
317 746 477 834 sanguinis
498 746 545 811 tui
565 748 746 811 consortium
767 750 890 834 negas?
922 746 976 815 Ad
999 747 1085 812 idem
1106 747 1257 814 ministe-

226 832 308 897 rium
325 833 432 896 referri
447 832 618 897 commode
633 846 751 918 potest,
764 832 853 920 quod
875 833 915 897 dc
934 832 1075 897 diaconis
1098 834 1257 898 Romanas

225 917 368 982 ecclesia
381 916 516 1004 loquens
529 919 678 1005 antiquus
692 932 803 983 auctor
815 920 943 1018 guast.
956 932 1017 983 vet.
1032 930 1066 982 et
1080 940 1152 982 nov.
1163 918 1254 984 Test.

225 1003 311 1103 apud
326 1002 546 1089 Augustinum
560 1001 708 1093 Append.
723 1017 803 1067 tom.
815 1026 859 1067 ιιι.
874 1010 905 1068 c.'
919 1016 985 1067 101.
999 1002 1189 1089 generaliter
1201 1002 1254 1068 di-

224 1100 288 1152 cit:
311 1086 444 1153 Diacoui
465 1110 535 1175 ergo
557 1089 627 1152 ordo
646 1100 690 1151 est
712 1088 846 1173 accipere
860 1109 879 1151 a
894 1088 1057 1165 sacerdote,
1073 1098 1105 1152 et
1118 1087 1164 1153 sic
1177 1088 1257 1155 dara

218 1172 314 1258 pust.
357 1174 478 1237 Verum
498 1173 714 1237 sacerdotibus
728 1172 774 1252 id,
790 1174 877 1258 quod
891 1173 1033 1238 diaconis
1047 1174 1255 1241 committere

118 1256 121 1261 ’
223 1274 465 1337 consueverunt,
479 1280 535 1343 per
549 1280 584 1322 se
599 1272 748 1345 praestare
762 1280 919 1346 nusquam
934 1273 984 1324 est
998 1257 1210 1345 prohibitum.
1224 1306 1255 1323 ..

224 1344 342 1422 Immo,
357 1343 384 1408 si
398 1342 450 1409 Ch
490 1356 668 1409 sostomum
684 1343 807 1408 Hamil.
818 1350 868 1409 46.
886 1344 918 1407 in
933 1342 1056 1408 Matth.
1070 1342 1255 1425 audiamus,
1301 1352 1304 1359 '

219 1428 280 1492 soii
295 1427 443 1493 sacerdoti
472 1429 530 1492 icet
545 1428 670 1492 calicem
685 1429 847 1517 sangoinis
859 1428 1004 1493 dominici
1014 1427 1165 1514 muliere.
1186 1428 1265 1495 Sed·

221 1536 297 1577 cum
312 1526 440 1578 sanctus
453 1513 508 1577 ille
522 1514 648 1578 Ductor
668 1535 733 1579 non
752 1513 847 1579 addat
866 1513 961 1599 plebi,
975 1513 1046 1615 ejus
1058 1513 1254 1580 sententiam

221 1620 261 1661 ex
274 1598 376 1663 verbis
389 1600 513 1686 Quoest.
527 1611 588 1663 vet.
613 1620 650 1664 ac
665 1621 736 1663 nov.
750 1601 891 1665 Testem.
913 1618 1057 1685 prommc
1068 1598 1172 1664 allatis
1191 1620 1252 1665 ex·

221 1683 332 1769 plicari
351 1683 396 1748 nil
414 1695 509 1748 vetat.
554 1686 602 1748 Ut
622 1683 719 1749 verbo
738 1684 855 1763 dicam,
870 1705 988 1771 eorpus
1007 1698 1042 1750 et
1059 1684 1253 1771 sangrainem

224 1769 345 1834 Christi
370 1768 498 1856 populis
524 1768 648 1834 madere
671 1790 798 1856 semper
823 1769 1039 1835 sacerdotibus
1066 1791 1106 1834 ex
1131 1770 1252 1851 officio,

222 1853 364 1920 diaconis
375 1867 479 1918 autem
496 1866 660 1956 tamquam
675 1855 875 1919 sacerdotum
891 1855 1040 1919 ministris
1055 1877 1094 1918 ex
1107 1854 1253 1943 quodam

223 1956 386 2019 concessu,
409 1950 442 2003 et
467 1954 655 2006 necessrtate
677 1940 871 2026 postulante,
894 1940 970 2005 olim
998 1940 1100 2019 licuit,
1123 1960 1192 2018 seu,
1215 1953 1255 2005 ut

222 2044 296 2090 cum
311 2038 441 2091 auctore
456 2023 595 2093 Constit.
610 2026 726 2112 Apost.
738 2025 794 2091 lib.
806 2024 867 2088 viii.
884 2046 954 2111 cap.
963 2038 1013 2089 28.
1028 2025 1153 2111 loquar,
1166 2024 1253 2089 Dia·

222 2132 312 2175 conns
326 2133 387 2174 uon
401 2108 517 2197 offert.-
541 2111 692 2175 oblatione
704 2132 772 2174 vero
792 2109 831 2174 ab
848 2109 983 2196 episcopo
999 2120 1054 2175 aut
1072 2108 1254 2197 presbytero

211 2196 320 2282 sacta,
334 2196 389 2259 d'ot
400 2195 525 2280 populo,
539 2218 598 2260 non
614 2206 679 2259 tam
723 2218 773 2260 am
788 2194 937 2274 sacerdos,
952 2196 1005 2262 sed
1018 2205 1179 2283 tamquam
1196 2194 1256 2281 qui

221 2281 381 2344 ministrat
402 2280 617 2345 socerdotihus.
664 2218 749 2344 liiisc
775 2280 1027 2366 Carthaginiense
1051 2300 1103 2345 ιν.
1128 2280 1252 2345 Conci-

221 2366 299 2429 lium
327 2374 396 2429 c'an.
417 2378 468 2440 37.
488 2364 551 2429 hoc
576 2365 742 2463 pramittit
766 2365 948 2443 monitum3
971 2364 1128 2430 Diaconns
1151 2364 1199 2429 itu
1221 2386 1262 2429 se

215 2449 390 2537 presbyteri
403 2461 439 2514 ut
453 2450 582 2535 episcope
596 2449 772 2513 ministrum
786 2448 923 2514 noverit.-
939 2470 976 2513 ac
990 2449 1104 2514 deinde
1117 2470 1190 2514 can.
1200 2464 1252 2515 ³8.

220 2536 307 2603 istud
328 2534 485 2622 adjungit,
502 2536 544 2600 Ut
557 2535 711 2613 diaconus,
725 2545 877 2619 prasente
887 2533 1076 2621 presbytera,
1091 2533 1252 2600 eucharis-

221 2621 299 2685 tiam
314 2620 446 2705 corporis
462 2620 578 2685 Christi
592 2619 715 2704 populo,
730 2619 756 2683 si
769 2619 931 2684 necessitas
945 2629 1047 2705 cogat,
1059 2618 1170 2703 jussus
1184 2642 1252 2685 ero·

217 2716 283 2793 get.
330 2709 438 2782 Porro,
453 2719 489 2769 ut
503 2704 650 2769 laudatus
667 2704 802 2790 scriptor
816 2706 941 2792 Quaest.
959 2716 1021 2768 vet.
1036 2716 1069 2768 et
1084 2724 1156 2767 nov.
1170 2704 1253 2771 Tee-

221 2805 298 2855 tam.
312 2791 387 2856 loco
400 2790 499 2855 citato
514 2792 669 2867 observat,
683 2791 784 2875 major
798 2789 868 2852 ordo
886 2789 971 2853 intra
990 2811 1022 2853 se
1039 2787 1129 2853 itabat
1143 2798 1176 2852 et
1190 2787 1253 2853 mi·-

220 2898 333 2940 norem.
368 2875 532 2962 Presbyter
544 2875 626 2938 enim
640 2885 670 2939 et
684 2873 804 2937 diaconi
818 2873 886 2961 agit
902 2873 1030 2960 officium
1044 2882 1075 2938 et
1089 2872 1254 2939 exorcistae

220 2971 250 3024 et
266 2960 398 3025 lectoris.
419 2960 640 3024 Consanus.

264 3047 299 3109 P.
314 3058 360 3110 14.
376 3045 398 3109 l.
415 3052 461 3108 16.
485 3043 796 3127 διανέμων-ἐπιδιδοὺς]
819 3043 956 3125 διανείμας
979 3041 1115 3129 Synceii.
1147 3044 1273 3209 iulg*

220 3131 297 3195 MS.
313 3128 404 3194 Boot.
430 3129 538 3193 Verba
552 3134 598 3204 τῆς
611 3133 693 3203 αὐτῆς
707 3128 843 3208 δυνάμεως
856 3142 930 3215 post
942 3131 974 3192 ri
988 3128 1068 3213 μέρος
1079 3128 1156 3192 MS.
1245 3210 1251 3215 .

208 3215 293 3303 falc.
309 3214 441 3292 addidit,
457 3235 538 3278 anne
551 3221 599 3289 τῆς
614 3218 696 3290 noris
708 3215 830 3295 διανομῆς
843 3215 854 3275 i
882 3214 965 3277 Μοιι
977 3233 1037 3301 pro
1050 3218 1131 3275 τοῦτο
1145 3210 1254 3295 durius

220 3301 317 3365 lubet
331 3305 406 3385 αὐτῷ
421 3303 467 3382 ὀμ.
487 3297 622 3387 Synceli.

264 3388 298 3449 P.
313 3401 360 3448 15.
375 3385 399 3449 l.
412 3400 441 3448 1.
463 3382 629 3468 ἀμφοτέραις
648 3387 710 3456 ταῖς
728 3380 831 3469 χερσί]
848 3379 980 3446 Omittit
997 3384 1059 3454 ταῖς
1079 3380 1126 3443 ed.
1142 3378 1251 3467 Strepit.

219 3472 388 3534 Sruorsr.

263 3553 346 3617 ibid.
362 3555 384 3616 1.
396 3566 426 3614 2.
447 3551 540 3696 uode)-
553 3551 638 3631 ἀφιεὶς
651 3552 697 3615 ed.
713 3548 819 3634 Stepit.
836 3551 1004 3615 Srnorn.
1042 3548 1157 3613 Statim
1198 3560 1253 3616 ost

220 3660 280 3725 pro
298 3641 335 3711 ἐξ
355 3635 388 3699 ἂν
404 3634 516 3721 Syncei
531 3682 538 3698 .
556 3634 602 3709 ἕως
624 3633 668 3699 ἄν.
704 3634 804 3720 Apud
819 3633 947 3718 Mcepis.
963 3648 1058 3720 atquc
1072 3632 1149 3698 MS.
1199 3656 1252 3698 or·

207 3723 292 3811 faio.
308 3722 389 3786 ordo
405 3720 573 3784 verborum
588 3724 664 3783 nard
675 3728 728 3783 τοῦ.
741 3719 871 3801 σώματος
884 3722 906 3805 n]
921 3724 958 3781 τᾶ
973 3720 1035 3800 cip.
1049 3731 1206 3783 mutatur.

264 3807 347 3871 Ibid.
369 3806 391 3869 1.
406 3819 435 3881 7.
456 3806 543 3891 αὐτῷ]
570 3806 667 3869 Hunc
689 3805 798 3869 locum
821 3825 885 3867 non
907 3802 1128 3867 intellexerunt
1148 3803 1254 3867 inter·

219 3907 333 3980 protes·
368 3892 455 3955 Nam
471 3888 642 3953 Musculus
656 3888 783 3974 quidem
799 3889 844 3951 ita
859 3887 970 3950 vertit:
993 3886 1041 3950 Et
1053 3887 1146 3951 miser
1160 3887 1251 3951 domo

219 4001 279 4042 nou
301 3976 487 4063 degustavit,
512 3974 573 4037 nisi
595 3974 731 4058 primum
755 3995 786 4036 se
810 3972 859 4035 itti
880 3971 1053 4035 devovisset.
1098 3972 1251 4053 Christo·

219 4064 400 4150 phorsonus
413 4082 487 4124 vero
500 4059 589 4144 quasi
605 4057 747 4122 Musculi
761 4056 907 4120 insistens
922 4056 1061 4141 vestigiis
1075 4055 1167 4119 vertit
1183 4055 1251 4122 hoc

218 4149 328 4212 modo.
364 4146 468 4233 Atque
484 4142 597 4228 infelix
610 4165 668 4205 non
684 4152 756 4205 ante
771 4138 957 4227 degustavit,
998 4162 1070 4203 uam
1085 4140 1131 4202 ita
1146 4162 1180 4203 se
1194 4140 1252 4215 iili

218 4233 392 4297 devovisset.
426 4228 538 4295 'Quasi
565 4248 626 4291 vox
647 4229 723 4312 αὐτῷ
749 4225 918 4290 refenetur
944 4246 963 4286 a
1013 4223 1249 4291 Novatiauurn.
