2678 4756
258 275 312 349 IN
332 276 577 348 ANCYR'ANI
601 272 811 348 CONCILII
833 276 1062 346 CANONEs.
1108 292 1174 364 447

144 449 197 519 bis
217 462 310 532 ortae,
332 450 374 516 de
390 471 486 538 poena
507 447 599 538 quasi
621 471 686 516 non
706 448 741 514 in
759 448 913 529 adulterae
934 449 1098 528 maritum,
1116 447 1175 515 ood

144 550 259 604 eontra
271 537 450 603 adulteram
462 558 593 603 uxorem
608 547 706 623 atque
719 534 900 600 adulterum
920 537 1050 616 sancita,
1065 536 1175 622 legem

142 623 405 709 interpretantur.
449 621 637 688 Harduinus
659 643 726 709 quo
749 641 790 685 ue
810 620 852 686 ad
872 642 1028 686 cunonem
1045 618 1177 687 Concidi

144 708 340 779 Eliberitoai
355 729 468 775 nx111.
491 707 546 794 qui
566 706 635 793 agit
650 706 691 772 de
751 708 864 786 ultera,
876 708 1027 773 lectorem
1042 706 1177 792 relegat.

145 794 255 873 Solus,
269 793 357 881 quod
377 795 487 872 eciam,
506 794 549 858 cl.
571 793 714 858 Fieurius
730 793 764 858 in
785 791 873 859 Hirr.
890 792 978 858 Eccl.
991 793 1054 857 vol.
1065 792 1100 858 ii.
1121 791 1178 858 ubi

145 879 246 945 hosoe
260 880 408 946 Canones
420 878 556 944 breviter
569 890 712 943 recenset
726 878 768 943 ad
781 900 822 964 pa
849 925 857 941 .
870 891 920 943 24.
933 879 1080 964 Anglicae
1095 879 1177 944 Ver-

145 963 258 1045 sionis,
273 965 313 1029 de
333 986 433 1029 uxore
453 963 566 1029 conscio
583 963 695 1029 manto
715 964 781 1048 ejus
798 898 941 1029 adultera
959 964 1044 1028 facta
1061 962 1179 1049 princi·

144 1049 239 1137 pium
253 1049 395 1115 Canonis
409 1049 456 1117 ἐάν
469 1075 538 1124 τινος
551 1053 618 1135 γὐνὴ
632 1055 774 1200 pargnac}
783 1049 924 1136 exponit.
967 1051 1011 1113 Et
1027 1060 1125 1127 recte,
1139 1060 1179 1115 ut

146 1135 275 1221 opinor,
289 1136 335 1200 ita
347 1135 434 1209 enim
448 1156 483 1200 se
498 1135 597 1200 babet
614 1134 728 1199 iisdem
774 1156 808 1203 re
820 1135 1018 1222 temporibus
1038 1135 1181 1227 sancitu)

147 1220 288 1287 Concilii
304 1220 490 1286 Eliberitani
513 1220 626 1286 Canon
648 1222 742 1284 tax:
768 1219 803 1285 Si
821 1242 889 1284 eum
909 1220 1091 1285 contuentia
1109 1240 1179 1284 mo-

146 1306 207 1373 riti
219 1329 297 1371 uxor
305 1305 412 1394 faerit
426 1305 591 1384 maechata,
604 1305 725 1391 placuit
738 1328 793 1371 aee
805 1305 912 1457 inpiae
924 1306 953 1370 ei
967 1306 1102 1371 dandam
1116 1326 1180 1370 esre

143 1392 388 1457 ‘communionem
396 1417 410 1471 ,-
425 1391 489 1456 hoc
501 1406 561 1470 est,
576 1391 704 1469 marito,
720 1404 756 1456 ut
769 1413 808 1456 ex
822 1413 840 1456 a
853 1392 963 1457 ausula
977 1404 1067 1479 patet
1081 1412 1179 1457 oeno·

146 1477 209 1543 nis.
229 1496 231 1500 ·
254 1477 387 1542 Interim
402 1477 453 1542 vix
470 1477 665 1562 cogitatione
679 1476 758 1576 fingi
776 1488 893 1563 potest,
908 1478 949 1542 ad
965 1489 1033 1542 tam
1045 1479 1179 1564 longam
1292 1553 1294 1558 ,

146 1562 370 1665 poeniteutiam
395 1562 611 1627 damnandum
637 1584 706 1628 esse
731 1585 845 1643 vrrum,
870 1585 926 1649 qur
952 1564 1022 1650 ipae
1047 1563 1181 1631 omnino

147 1670 301 1715 innocens
322 1649 430 1726 fuerit,
449 1648 492 1714 ob
514 1651 620 1713 uxoris
641 1671 708 1716 sure
731 1649 913 1736 flagitium
942 1649 1041 1715 immo
1063 1649 1181 1737 pariter

147 1733 366 1814 multandum,
380 1748 477 1819 atque
497 1733 530 1801 si
540 1735 609 1819 ipse
627 1733 751 1798 foedum
768 1735 959 1801 adulterium
975 1735 1180 1822 patravisset3

147 1818 216 1885 hoo
233 1831 294 1898 ent,
311 1818 328 1898 ἢ
347 1818 483 1904 μοιχεῦσῃ
503 1845 568 1894 un·
598 1819 678 1885 Viro
700 1818 943 1969 ignoscendum,
965 1843 1067 1909 neque
1088 1843 1181 1888 cum·

148 1905 304 1973 munione
317 1902 504 1991 privandum
519 1925 599 1982 esse,
615 1905 671 1990 qui
691 1927 711 1970 a
755 1926 855 1970 uxore
874 1927 934 1970 sua
954 1919 1071 1992 praeter
1083 1906 1182 1973 ratio·

150 2012 227 2056 nem
245 1990 377 2057 relictus
397 1990 504 2069 fuerit,
521 1990 566 2054 ait
585 1991 619 2056 S.
635 1990 772 2056 Basilius
790 1990 921 2056 Canone
939 2013 999 2056 suo
1019 1993 1181 2061 tricesimo

149 2076 277 2164 quinto.
307 2077 364 2142 Et
382 2097 577 2162 quamquam
591 2076 964 2157 canonNeocoesart'eusis
977 2091 1108 2144 octavus
1121 2079 1181 2151 lai-

117 2206 125 2219 ·
149 2183 229 2229 eum
243 2161 420 2227 ministerio
433 2182 524 2227 sacro
536 2161 755 2247 repellendum
768 2161 875 2249 jubet,
888 2164 981 2250 cujus
995 2186 1075 2229 uxor
1088 2164 1182 2231 adul·

149 2247 226 2326 terii
249 2246 394 2312 convicta
415 2258 513 2326 esset,
538 2246 609 2325 Γυνή
632 2272 702 2322 τινος
722 2252 908 2334 μοιχευθεῖσα
929 2256 1017 2315 taini
1041 2249 1114 2327 ὄντος
1135 2253 1183 2316 ἔδει

150 2335 282 2420 ἔλίγχθη
295 2331 362 2416 pavi
401 2359 425 2413 ς,
437 2338 581 2407 introires
592 2336 629 2408 εἰς
641 2331 786 2419 ὑπηρεσίαν
800 2337 890 2399 ἐλθεῖν
902 2338 932 2399 οὔ
948 2335 1068 2417 δύναται,
1079 2359 1120 2403 ne
1136 2337 1183 2402 fa·

150 2418 353 2505 mopinor,
384 2418 500 2484 ominis
510 2417 552 2483 ad
562 2417 844 2488 sacrumiordinem
855 2422 1065 2506 promovendi
1074 2423 1183 2489 labem

151 2525 194 2571 ex
204 2504 293 2591 gravi
304 2526 437 2569 suorum
448 2503 565 2569 delicto
576 2505 623 2568 vel
639 2524 746 2575 emsua
758 2504 858 2591 ipsius
871 2505 994 2576 incuria
1005 2509 1183 2575 contraxis-

151 2602 225 2669 σοις
246 2589 348 2658 virum
362 2602 470 2654 tamen
484 2588 570 2655 haud
586 2589 679 2676 punit
693 2590 790 2655 sacris
810 2589 973 2659 ordinibus
990 2591 1058 2680 jam
1078 2594 1184 2660 initia·
1238 2674 1240 2678 Ι

150 2686 238 2756 tum,
252 2675 313 2740 nisi
327 2696 460 2741 uxorem
475 2696 566 2741 suam
580 2674 761 2745 adulteram
772 2676 858 2762 apud
873 2699 908 2745 se
920 2677 1183 2768 retinereperge·

151 2773 213 2830 ret.
238 2761 338 2849 Quod
351 2761 481 2848 quidem
496 2761 611 2827 marito
625 2760 722 2827 etiam
737 2755 869 2827 civilesl
980 2764 1183 2833 rohibebant.

197 2848 232 2912 P.
244 2862 316 2912 415.
329 2846 353 2911 l.
368 2863 395 2911 1.
416 2850 466 2935 δεῖ]
485 2848 560 2913 Ηοο
577 2868 636 2932 pro
650 2847 747 2911 verbo
767 2850 841 2912 δοκεῖ
861 2783 1066 2914 &dorum
1085 2852 1184 2918 Gano-

149 2940 293 3020 numque
316 2933 455 2998 lectione
524 2946 555 2998 st
578 2933 787 3018 Beveregiurn
814 2932 919 3018 posui,
942 2954 1018 3003 cum
1042 2938 1189 3020 petroci·-

152 3028 271 3086 nentur
290 3017 322 3083 ei
341 3030 413 3087 tum
433 3041 465 3083 co
489 3017 547 3083 icas
560 3016 723 3083 Bodleiano?
735 3039 836 3082 omues
849 3030 965 3104 praeter
977 3019 1052 3087 duos
1066 3035 1134 3088 tte.
1149 3036 1184 3089 et

153 3117 226 3183 715.
238 3116 309 3168 tum
323 3114 437 3169 ueteres
451 3103 771 3186 Latinitaterpretes,
787 3104 1008 3192 Hervetusque
1027 3105 1061 3170 in
1080 3107 1182 3172 Inter-

150 3189 326 3274 pretutioae
343 3211 402 3254 sua
421 3191 541 3255 codicis
554 3189 670 3254 Titiani
686 3189 854 3268 Cannarum
868 3202 902 3256 et
913 3190 1186 3260 Joannes'Antio·

154 3273 282 3349 chenus.
290 3275 324 3339 in
342 3275 499 3340 &nonum
512 3275 682 3362 Digesto.=
1079 3278 1096 3315 '-

199 3352 284 3426 Ibid.
305 3359 356 3435 τός
366 3360 485 3444 »βαθμὲς
496 3359 547 3436 ‘rtis
559 3387 580 3424 π
596 3361 745 3446 οᾶγοπας]
762 3359 916 3426 Conferat
929 3362 1076 3430 Canon'es
1086 3354 1190 3434 VIII.'

154 3456 196 3511 et.
205 3447 267 3510 IX.
285 3458 319 3510 et
338 3447 434 3511 XXI.
454 3459 488 3511 et
510 3387 626 3510 xxii.
658 3445 946 3534 Balsamonemque
967 3448 1001 3513 in
1016 3451 1185 3521 comment.

154 3529 198 3596 ad
211 3529 378 3598 Canonem
389 3528 488 3596 XXI.
503 3554 599 3619 quem
612 3553 690 3596 mox
703 3531 853 3596 allaturus
869 3554 951 3599 aum.

528 3733 693 3801 CANON
721 3735 816 3800 XXI.

201 3869 287 3936 Ibid.
302 3870 325 3935 l.
340 3877 370 3935 6.
393 3871 439 3934 nai
463 3870 536 3954 (for.
555 3869 598 3952 ai)
612 3868 697 3956 ’τέτῳ
714 3870 896 3957 murittum]
919 3872 1003 3940 Haeo
1018 3878 1112 3944 verba
1129 3904 1185 3948 ne.

156 3978 222 4044 que
238 3955 370 4021 Latiare
383 3969 562 4043 agnoscunt
577 3956 858 4041 interpretativum,
874 3981 978 4047 neque
995 3961 1102 4029 Graeci
1119 3989 1189 4034 me-

122 4081 124 4085 <
156 4056 287 4108 morant
306 4045 582 4119 commentatorem
604 4054 816 4128 praeterquam‘
836 4045 923 4130 quod
940 4046 1049 4112 Prisco
1061 4051 1190 4122 Justelli

159 4127 264 4195 Versiu
276 4127 323 4193 ita
337 4127 492 4206 sehabet,
505 4138 534 4191 et
551 4126 605 4191 hoc
618 4125 741 4215 definito
753 4127 932 4195 hrcmaniore
945 4131 1072 4220 aliquid
1087 4155 1189 4204 ronse-

158 4224 304 4302 φωκέων,
315 4213 527 4283 contituimus
542 4210 602 4280 &a
626 4211 690 4280 Sed
703 4211 824 4296 interea
837 4214 952 4284 eadem
966 4219 1062 4286 verba
1076 4222 1201 4294 Graeca.
