2678 4756
153 297 192 366 n
487 261 873 363 mormanus

150 462 256 529 adden
282 462 369 543 toro,
391 461 494 529 ecdem
520 477 682 546 momento,
710 474 777 553 q'uo
801 464 858 531 illa
881 477 976 552 gesta
999 475 1090 546 sunt,
1114 465 1189 534 lire·

148 549 323 634 scriptaad
337 549 534 634 Cyprianum
549 551 721 617 transmitti
733 550 867 616 curarit.
888 550 964 616 Alis
977 551 1121 638 quadam
1134 574 1188 617 ra·

150 633 238 699 tione
248 633 430 721 Cyprianus
441 635 543 720 Epist.
555 651 606 703 51.
621 659 680 701 seu
693 649 743 701 54.
759 636 873 700 iisdem
886 636 1126 701 confessoribus
1140 637 1186 702 sin

149 719 352 804 gratulatur:
375 721 597 806 Posteaquam
617 745 668 785 vos
689 722 727 785 de
749 742 868 786 carcere
884 721 1069 806 prodeuntes
1085 721 1186 786 saln-

149 803 282 868 aentims
296 815 326 870 et
341 801 505 869 laeretims
519 829 603 871 error
616 806 747 905 excepit,
763 806 807 870 sic
819 827 868 871 res
880 808 961 891 erat,
976 805 1067 893 qnasi
1078 817 1185 873 uestra

147 887 251 976 gloria
263 889 298 952 in
310 911 429 954 carcere
442 890 658 956 remansisset:
681 891 749 956 illic
765 892 848 956 enim
862 891 1008 955 resedisse
1021 891 1120 956 uestri
1131 906 1185 957 no*

149 972 243 1037 minis
256 973 395 1061 dignitas
408 974 581 1055 oidelatar,
597 977 718 1063 qnando
733 975 850 1041 milites
865 975 983 1041 Clristi
994 998 1055 1041 non
1074 975 1120 1040 ad
1134 986 1184 1040 'ec-

149 1056 275 1122 clesiam
298 1059 336 1122 de
362 1080 481 1124 carcere
502 1060 649 1141 redirent,
674 1062 707 1125 ire
734 1083 824 1149 qaem
869 1061 936 1124 rias
958 1080 1027 1124 cam
1045 1059 1185 1126 *ecclesia

149 1142 243 1208 luade
262 1154 293 1208 et
312 1143 525 1231 gratulatione
545 1146 707 1210 uenissent.
753 1145 819 1210 Ubi
890 1145 992 1210 melia
1011 1145 1185 1211 concinens

148 1228 341 1315 Cyprianus,
365 1230 565 1295 confessores
591 1253 657 1295 non
678 1241 804 1295 tantum
830 1229 1047 1309 schismatico,
1068 1230 1128 1296 scd
1151 1243 1185 1296 et

102 1330 107 1339 “
146 1311 301 1379 haeretico
314 1335 421 1379 errore
434 1327 546 1413 captos
561 1315 724 1401 praedicat.
769 1315 866 1381 Unde
878 1314 1031 1400 colligere
1046 1328 1097 1394 est
1111 1317 1184 1380 No-

146 1399 263 1464 vatiani
285 1399 431 1464 haeresim
453 1420 539 1464 circa
559 1401 793 1486 poenitentiam,
812 1399 912 1486 ipsius
934 1399 1106 1465 schismate
1127 1420 1184 1464 nc-

146 1504 210 1570 qua
233 1504 310 1548 uam
337 1483 550 1569 posteriorem
576 1485 731 1571 originem
762 1484 923 1549 habuisse.
959 1484 1182 1550 Consuant.

145 1569 197 1633 Ex
211 1506 302 1632 (locis
332 1568 477 1654 pluribus
505 1568 650 1654 epistolae
678 1569 821 1635 Cornelii
848 1569 890 1633 ad
917 1569 1065 1647 Fabium,
1088 1568 1182 1655 cujus

146 1653 329 1739 fragruema
347 1675 424 1718 mox
443 1653 553 1733 affero,
572 1654 636 1720 hoc
658 1654 738 1719 mihi
759 1654 914 1741 persuasi,
933 1655 1181 1719 controversiam

146 1737 189 1804 de
210 1738 397 1825 poenitentia
417 1738 569 1818 extitisse,
587 1749 759 1840 antequam
777 1738 820 1805 de
838 1739 1026 1825 episcopatu
1046 1738 1183 1802 Novati·

146 1823 200 1888 ani
214 1823 320 1908 palam
335 1843 354 1886 a
397 1834 493 1903 retur,
509 1824 662 1910 quiequid
676 1825 731 1888 ule
745 1824 785 1889 de
797 1846 838 1889 ea
851 1845 986 1889 munere
999 1823 1111 1887 enimn
1122 1844 1182 1887 suo

147 1909 286 1988 celaret3
308 1909 349 1973 ab
373 1910 451 1973 itam
474 1910 562 1974 enim
585 1911 683 1974 fuisse
705 1931 745 1972 eo
768 1922 914 1995 tempore
936 1929 995 1972 nec
1017 1908 1181 1992 cognitam

146 1992 354 2078 cupiditatem
369 1995 449 2080 ejus,
462 1993 531 2081 ipse
545 2015 674 2080 quoque
688 1994 733 2058 ait
749 1995 929 2071 Cornelius,
944 1992 1000 2078 qui
1014 2004 1156 2056 accusat.

148 2144 154 2153 ,
189 2081 224 2143 Ρ.
237 2089 267 2154 7.
281 2079 304 2144 l.
317 2093 367 2143 22.
389 2081 577 2178 episcopum
597 2079 806 2144 sanctissima
825 2078 1004 2142 Catholicae
1023 2077 1180 2162 eeclesia]

145 2163 323 2228 Ecclesiam
343 2165 431 2228 urbis
451 2167 562 2228 Rornae
577 2163 631 2228 hle
645 2165 670 2227 si
719 2165 764 2227 ari
777 2176 866 2226 extra
879 2163 1013 2227 dubium
1028 2174 1091 2224 est.
1134 2163 1183 2225 En

146 2248 242 2312 verba
255 2248 355 2333 ipsius
371 2248 513 2312 Cornelii
527 2249 558 2311 in
573 2186 716 2333 epistola!¹
724 2248 823 2311 modo
840 2247 935 2311 dicta.
958 2251 972 2308 ὁ
987 2247 1127 2322 leicestrie
1140 2245 1188 2309 ὀὖν

144 2339 194 2396 τοῦ
208 2332 364 2416 edaylillco
383 2333 431 2414 (N
432 2332 609 2414 ovatianus)
626 2335 676 2394 orire
689 2332 807 2409 ἠπῖςατο
822 2330 868 2394 isa
882 2330 1029 2394 ἐπίσκοπον
1047 2332 1101 2393 δεῖν
1119 2330 1183 2408 ’ἱνα

146 2421 173 2479 ἰν
187 2421 325 2502 salomaei
340 2415 488 2500 ἐκκλησίᾳ,
505 2421 532 2478 ἐν
546 2414 563 2503 ᾗ
576 2421 625 2480 oo'n
640 2417 738 2500 ἠγνόει,
754 2417 910 2501 ωῶςγάρς
933 2412 1127 2501 πρεσὸυτίρυς
1142 2414 1182 2477 sl'·

146 2525 189 2582 sap
203 2499 262 2583 [ις’.
279 2500 413 2575 διακόνους
428 2505 500 2579 ialal,
516 2502 577 2565 lice.
594 2504 624 2583 ξ
637 2515 669 2564 3.

191 2586 276 2650 ibid.
297 2585 438 2650 electum
457 2607 477 2650 a
498 2587 586 2670 Deo]
606 2587 639 2651 h.
651 2607 680 2649 e.
698 2582 872 2669 inspirante
893 2584 968 2646 Deo
987 2582 1183 2669 Christoque

27 2745 30 2749 ,
144 2670 228 2758 ejus,
244 2669 330 2734 etad
345 2670 456 2769 legum
472 2670 646 2734 divinarum
664 2668 906 2754 praescriptum.
942 2669 992 2731 Ita
1006 2667 1047 2730 de
1064 2668 1115 2754 Cy
1141 2668 1183 2731 ri·

52 2824 58 2833 ,
145 2779 209 2822 ano
223 2777 284 2820 suo
299 2755 408 2819 scrib1t
424 2754 555 2819 Pontius
568 2755 721 2818 diaconus
737 2750 945 2838 ejus,jadicio
960 2751 1023 2814 Dei
1037 2762 1067 2814 et
1082 2767 1105 2835 p
1139 2751 1184 2815 lis

76 2915 78 2919 Α
136 2842 255 2928 favore
275 2840 317 2903 ad
333 2839 465 2924 officiam
483 2839 645 2904 sacerdotii
665 2849 695 2902 et
756 2838 909 2919 iscopatas
927 2836 1063 2923 gradum
1083 2835 1185 2901 adluc

145 2925 327 3011 neophytas,
343 2934 384 3001 et,
399 2935 435 2987 at
449 2923 632 3007 patalutnr,
648 2945 724 2986 nove
738 2922 788 2985 las
801 2921 914 2984 electas
928 2932 985 2985 est.
1021 2923 1065 2984 Et
1085 2921 1182 3005 paulo

145 3025 240 3096 post:
265 3010 336 3072 lima
353 3007 518 3091 praeteribo
539 3008 634 3072 etiam
648 3007 730 3070 illud
749 3007 910 3084 eximiam,
927 3004 1182 3091 qreernodmo'dam

67 3091 68 3094 '
145 3117 216 3159 carn
231 3093 264 3157 in
279 3090 471 3156 dilectionem
485 3093 550 3175 ejas
562 3105 592 3156 et
605 3093 747 3156 lroaorem
762 3102 845 3154 totas
856 3088 987 3174 popalus
1003 3088 1183 3170 adspirante

148 3180 281 3244 Domino
301 3176 472 3262 prosiliret,
490 3176 649 3239 &semiliter
669 3176 724 3240 ille
743 3175 874 3253 secessit,
889 3173 1115 3260 antiquioribus
1137 3196 1183 3236 ce·

145 3266 231 3345 dens,
248 3274 278 3327 et
292 3261 455 3349 indignam
468 3283 500 3324 se
514 3260 604 3325 titolo
620 3261 702 3324 tanti
718 3260 838 3323 lionoris
852 3257 1043 3336 existimans,
1057 3268 1096 3320 at
1109 3257 1183 3343 dig-

145 3372 203 3414 nas
218 3349 320 3434 magis
323 3347 431 3432 fleret.
449 3360 521 3432 p.3.
538 3346 571 3411 V
569 3346 605 3409 it.
621 3345 783 3432 Cypriani.
814 3347 887 3428 lpse
902 3363 1031 3428 quoque
1045 3342 1182 3427 Cypria·

147 3456 212 3502 nris,
224 3434 256 3496 in
272 3433 379 3515 Epist.
391 3443 441 3495 40.
457 3432 499 3494 al.
510 3442 560 3494 ts.
574 3430 764 3494 electionem
781 3450 872 3491 suam
888 3441 978 3490 vocat
992 3424 1182 3510 suffragium

143 3517 245 3603 plebis
259 3527 289 3578 et
300 3517 369 3580 Dei
380 3515 548 3598 judiciam.
583 3515 694 3600 Atque
706 3514 739 3577 in
753 3512 860 3596 Epist.
876 3517 927 3588 67,
939 3510 984 3573 vel
1001 3517 1051 3588 68,
1065 3510 1183 3574 modus

146 3616 300 3690 praeterea
320 3598 555 3663 ordinationum
577 3599 837 3661 celebrandarum
856 3597 896 3658 ab
916 3595 1050 3659 ecclesia
1071 3615 1183 3679 recep·

144 3705 211 3765 tus,
225 3685 390 3750 secandum
411 3681 520 3746 diuina
542 3682 724 3769 magisteria
742 3685 826 3766 (quae
842 3678 992 3743 nimirum
1014 3678 1048 3741 in
1069 3677 1184 3742 divinis

147 3771 311 3858 scripturis
332 3769 453 3849 extant)
470 3777 501 3830 et
517 3768 681 3831 secandam
699 3767 762 3830 Dei
781 3765 975 3829 volantatem
996 3784 1057 3826 aaa
1078 3783 1186 3826 secun·

149 3857 223 3921 dam
249 3854 416 3919 hamanum
437 3852 705 3936 ‘praesumtionem
732 3863 870 3914 statutus
898 3869 969 3912 esse
994 3846 1186 3910 ostenditur.

147 3941 277 4009 Etenim
291 3940 403 4004 relatio
418 3937 527 4002 illaad
541 3938 650 4001 Deum
664 3948 698 4000 et
711 3935 823 4000 fratres
837 3934 870 3997 in
885 3935 919 3996 S.
932 3930 1083 3996 Matthiae
1098 3931 1185 3994 elec-

149 4026 239 4092 tione
257 4026 340 4088 inter
355 4024 425 4088 haec
443 4023 603 4107 praecipue
621 4020 757 4106 spectari
771 4018 906 4082 videtur.
928 4018 1002 4080 Act.
1016 4016 1038 4078 i.
1053 4029 1103 4092 29.
1118 4037 1187 4101 seq.

193 4101 315 4177 Ibidsl.
330 4121 380 4173 24.
403 4110 620 4191 Imposturam
636 4105 721 4202 passi
738 4105 863 4186 sumus]
880 4101 1060 4166 Trebellius
1082 4099 1187 4196 Pollip

149 4197 184 4263 in
197 4195 368 4263 Gallieno:
392 4193 478 4258 Idem
496 4213 568 4270 ,cam
589 4189 718 4278 quidam
736 4208 877 4277 gemmas
895 4186 1009 4252 vitreas
1027 4200 1084 4271 pro
1105 4205 1188 4248 ocris
