2678 4756
570 294 727 404 [v]

130 483 204 557 Sed
224 508 374 556 manum
393 480 439 555 de
457 481 592 573 tabula,
610 508 657 554 ne
668 479 801 580 jurgiis
819 505 861 552 ac
878 478 1004 553 litibus
1021 506 1081 553 me
1096 478 1168 555 im·

129 608 278 708 plicem.
330 607 425 680 Cum
450 632 534 679 vero
560 606 727 706 exempla
752 606 859 697 mala,
886 605 949 678 ubi
974 606 1168 705 coeperint,

130 733 183 806 ibi
203 760 284 805 raro
300 732 515 822 consistant,
529 757 575 804 ne
591 730 684 804 forte
700 730 851 829 posthac
868 730 1040 803 laetentur
1054 740 1091 802 et
1107 754 1171 803 cx·

131 859 252 930 ultent
269 857 432 930 ccclesiae
450 870 584 929 nostrae
600 855 805 947 adversarii,
818 854 948 928 veteris
967 854 1170 954 disciplinae

132 982 175 1055 in
193 982 485 1056 ordinationibus
503 993 600 1056 recte
622 981 689 1082 ipsi
713 995 868 1073 tenaces,
887 982 956 1056 hoc
973 980 1109 1054 idcirco
1126 980 1173 1055 de

131 1107 232 1205 gravi
251 1092 425 1205 perqnam
446 1133 495 1197 re,
511 1132 593 1203 quae
612 1106 740 1179 saitem
758 1104 804 1178 ad
822 1080 1053 1204 disciplinam
1070 1130 1173 1205 spec·

131 1244 202 1324 tat,
219 1236 287 1305 {nois
302 1236 418 1306 ἀέκοντί
432 1268 467 1328 γε
484 1237 572 1329 θυμῷ
590 1234 728 1334 scripsi.

94 1399 96 1402 >
187 1357 373 1430 Caeterum
401 1358 531 1448 Notas,
555 1384 638 1455 quae
661 1359 701 1432 in
726 1359 784 1432 his
810 1358 881 1431 oris
908 1383 997 1431 rarae
1022 1357 1174 1433 inventu

57 1492 63 1500 '
135 1495 239 1573 sunt,
258 1482 458 1556 doctissimi
478 1484 686 1558 Coustantii
704 1484 750 1558 ad
768 1484 929 1558 Cornelii
947 1497 983 1558 et
1000 1482 1176 1585 Dionysii

137 1605 338 1705 Epistolas,
355 1607 520 1703 quamvis
541 1609 634 1681 bene
658 1608 777 1707 longae
797 1608 881 1700 sint,
898 1608 938 1681 in
956 1608 1046 1682 serie
1062 1608 1176 1708 ipsius

139 1730 259 1830 operis
289 1729 513 1828 praestandas
545 1757 622 1804 esse
651 1731 769 1818 duxi;
806 1731 947 1828 rejectis
977 1732 1056 1807 aliis
1085 1761 1179 1807 non-

143 1855 253 1928 nullis
278 1853 389 1952 idque
411 1865 560 1954 propter
580 1854 733 1928 nimiam
755 1855 1036 1956 amplitudinem
1055 1855 1100 1930 ad
1116 1882 1180 1931 vo-

143 1978 294 2053 luminis
317 1981 443 2070 finem,
467 2006 557 2077 quas
582 1978 629 2052 ad
654 1978 728 2067 duo
751 1980 917 2054 Concilio
937 1981 1180 2057 Antenicaena

145 2116 388 2202 apposuerant
404 2104 429 2177 J
432 2105 581 2179 ustellus
600 2118 636 2178 et
653 2104 883 2206 Beveregius.
