2678 4756
236 267 301 355 25⁶
348 258 969 331 ANNoTAT.1Ns.vlcTOR1N1
990 258 1167 329 runem,

235 458 287 516 ca,
302 435 446 524 adeoque
468 455 606 524 perrara,
621 433 743 512 fuisset,
759 433 871 534 “quin
888 433 1023 516 Sedoiiu,
1039 447 1196 534 tanquam
1217 455 1278 534 ge·

238 529 262 563 “
275 523 409 589 uuinum
423 521 584 589 Victorini
597 522 701 587 fetum
715 533 932 608 excepissent3
947 534 1152 621 agnovrssent
1175 542 1220 584 ue
1234 543 1278 585 sr-

235 614 261 650 “
274 608 343 674 mul
358 608 559 674 subdititium
573 608 705 673 omnino
716 629 797 686 esse,
810 620 925 694 utpote
938 629 1018 671 mire
1031 544 1277 693 interpoiatum,

237 701 262 736 “
277 694 554 760 Commentarium
570 694 661 759 illurn
677 694 710 758 in
725 692 956 794 Apocalypsin,
970 692 1026 781 qui
1041 693 1102 757 sub
1120 693 1192 779 ejus
1213 714 1274 757 no-

237 780 362 845 “mine
386 780 419 846 in
445 783 573 847 Patrum
599 779 810 846 Bibliothecis
832 779 1089 845 circumfertur.'’
1133 780 1188 843 Sic
1211 778 1275 844 ille.

227 862 430 968 Quanquam
451 889 526 932 vero
540 867 672 953 vestigia
689 865 879 955 antiquioris
897 864 1053 931 doctrinae
1072 865 1107 929 in
1127 865 1180 929 bis
1200 865 1275 930 bre·

236 953 376 1019 vroribus
400 953 529 1018 scholiis
555 951 691 1018 subinde
715 951 924 1040 deprehendi,
948 951 1142 1038 interpolata
1165 964 1274 1016 tamen

235 1034 325 1107 istaec
350 1039 391 1105 ab
416 1040 525 1127 aliquo
551 1039 635 1103 male
658 1038 772 1104 feriato
796 1039 896 1103 fuisse
920 1038 1001 1103 mihi
1022 1037 1225 1117 videbantur,
1247 1036 1274 1102 si

235 1123 335 1199 modo
348 1123 463 1191 eadem
480 1125 523 1190 ad
536 1124 740 1191 Victorinum
761 1123 848 1190 tertii
868 1124 978 1189 saeculi
996 1123 1188 1210 scriptorem
1204 1145 1274 1188 vere

234 1210 439 1299 pertinerent.
475 1212 573 1277 Extat
586 1211 618 1276 in
634 1210 696 1275 illis
710 1210 750 1275 ad
766 1232 887 1276 comm.
904 1225 952 1275 14.
966 1232 1037 1297 cap.
1049 1210 1071 1274 i.
1084 1211 1194 1310 Apoc.
1212 1209 1270 1273 Co·
1310 1270 1314 1275 .

231 1308 293 1383 put
306 1308 409 1362 auten
423 1296 489 1382 q'ne
502 1307 532 1361 et
548 1295 658 1381 capilli
672 1306 763 1361 nunt
779 1296 844 1361 albi
859 1297 918 1361 &c
933 1295 1154 1383 interpretatro
1169 1295 1272 1360 ista-

234 1383 274 1449 In
288 1381 413 1469 capillis
427 1382 507 1447 olbis
521 1383 674 1449 abbatum
691 1393 735 1449 est
750 1382 931 1448 multituda
954 1384 1078 1448 lterum
1092 1380 1135 1446 ad
1149 1402 1270 1447 comm.

237 1483 286 1535 18.
300 1491 372 1556 cap.
383 1468 449 1535 xiii.
466 1469 622 1535 Numerus
636 1470 703 1554 pris
715 1492 825 1534 nomen
845 1467 989 1551 bominis,
1002 1478 1033 1533 et
1048 1489 1196 1532 nanterus
1209 1468 1271 1553 qus

233 1553 371 1621 sexcenti
389 1556 554 1642 sexaginta
574 1578 638 1634 sea,
655 1568 731 1643 post
752 1555 855 1621 multa
875 1555 938 1619 alia
959 1555 1022 1619 hoc
1044 1553 1195 1619 additum
1214 1567 1270 1634 est,

234 1642 315 1707 Item
328 1639 418 1706 aliud
431 1642 497 1726 ejus
515 1641 730 1725 (Antichristi)
745 1664 854 1708 nomen
871 1639 1011 1722 Gothiae,
1023 1640 1106 1727 qnod
1117 1654 1176 1725 per
1188 1663 1221 1704 se
1233 1639 1269 1703 li·

233 1725 349 1816 quebit,
365 1725 399 1790 id
420 1737 477 1807 est,
497 1731 669 1815 Γιισηρικὸς,
688 1729 769 1815 qnod
789 1728 893 1792 eodem
914 1726 1001 1791 niodo
1026 1725 1151 1791 Graecis
1174 1725 1270 1790 literis

234 1811 405 1898 computati
415 1811 457 1899 γ’.
471 1827 543 1891 trec,
558 1812 588 1877 ε’.
603 1813 740 1903 quinque
752 1813 812 1879 &c
836 1813 1041 1900 significatur
1054 1826 1168 1877 autern
1185 1812 1270 1877 Gen·

233 1899 352 1965 sericus
367 1898 585 1964 Vandalorum
607 1923 672 1980 rex,
695 1899 751 1986 qui
768 1899 887 1965 saeculo
904 1898 1017 1986 quinto
1032 1897 1226 1964 Catholicos
1239 1897 1270 1962 in

232 1986 346 2053 Africa
365 1999 500 2051 vexarat.
543 1985 620 2051 Alia
641 1987 748 2064 mitto,
770 1987 826 2051 sed
847 1996 940 2050 notes
959 1985 1072 2064 lector,
1093 2006 1221 2071 quaeso,
1239 1985 1268 2048 in

232 2071 347 2137 eodem
367 2071 526 2158 opusculo
548 2094 612 2136 non
635 2085 761 2137 tantum
783 2070 870 2158 quod
890 2071 924 2136 in
944 2071 1008 2136 fine
1020 2070 1176 2137 adversus
1192 2069 1269 2135 Chi·

229 2156 339 2224 liastas
355 2157 509 2244 scriptum
528 2169 626 2237 extat,
641 2157 697 2222 sed
714 2158 839 2223 scholia
859 2157 912 2222 adi
929 2156 963 2221 in
980 2169 1089 2223 totum
1107 2170 1209 2244 caput
1227 2156 1269 2221 vi·

231 2245 388 2318 cesimum
404 2244 580 2309 eorundem
595 2244 762 2310 sententiae
782 2243 952 2331 opposita;
967 2243 1039 2323 etsi,
1055 2257 1156 2328 prout
1170 2243 1212 2307 dc
1226 2240 1269 2307 al·

136 2342 144 2359 ·
232 2343 303 2417 tero
330 2329 573 2395 Commentario
597 2353 696 2417 agens
723 2330 802 2395 olim
828 2329 950 2395 notavit
975 2328 1105 2409 cavius,
1127 2328 1268 2414 Victori·

233 2439 293 2482 nus
313 2415 344 2479 in
366 2415 599 2482 commentario
618 2439 689 2495 suo,
704 2418 908 2504 Hieronymo
929 2415 962 2480 id
980 2415 1099 2480 diserte
1115 2414 1268 2492 tradente,
1303 2422 1308 2431 '

233 2501 464 2568 Chiliastarum
492 2502 593 2567 errori
605 2503 738 2582 laverit,
765 2501 1086 2599 idernqueprofecto
1112 2500 1148 2565 in
1175 2503 1271 2586 Fraga

232 2600 353 2667 mento,
363 2588 450 2674 quod
465 2601 619 2674 superest,
629 2589 681 2653 De
691 2588 822 2654 Febrim
832 2587 963 2668 Munda,
974 2588 1097 2653 fecerit.
1125 2587 1193 2652 Sed
1203 2588 1270 2652 haec

232 2674 396 2740 hactenus.
442 2675 642 2754 Poematum,
665 2698 738 2762 quae
764 2674 934 2739 Victorino
960 2673 1106 2739 nonnulli
1132 2673 1268 2740 attribu·

231 2776 336 2839 erunt,
349 2759 473 2825 nullum
485 2761 554 2847 pari
563 2759 684 2847 gaudet
695 2760 880 2826 testimonio
893 2772 990 2846 atque
1001 2760 1096 2825 breve
1102 2759 1192 2825 illud
1204 2781 1269 2824 car·

232 2869 307 2912 men
330 2845 435 2910 adhuc
454 2860 565 2910 extans
580 2849 631 2912 De
648 2848 744 2912 Gracc
758 2846 900 2926 Domini,
915 2846 964 2910 vel
977 2848 1029 2910 De
1042 2845 1210 2924 Posclrote,
1223 2845 1269 2910 in·

233 2933 400 3018 scriptum,
419 2930 513 3018 cujus
535 2933 617 2997 duos
639 2933 762 3018 priores
784 2955 892 2998 versus
914 2932 1083 2997 Victorino
1103 2931 1269 3018 adscripsit

232 3018 322 3084 Beda
336 3018 535 3083 Venerabilis
555 3018 588 3082 in
609 3019 719 3083 libello
734 3021 785 3084 De
799 3017 890 3083 Locis
906 3019 1029 3084 Sanctis
1046 3039 1118 3105 cap.
1131 3017 1180 3082 iii.
1194 3038 1267 3104 pag.

232 3120 303 3186 489.
328 3118 410 3169 tom.
431 3104 476 3169 iii.
502 3103 555 3168 ed.
580 3104 829 3192 Basil--qno
855 3105 964 3169 ductas
990 3105 1142 3189 opinione,
1168 3103 1269 3190 inquit

230 3191 330 3271 Beda,
348 3190 524 3256 Victorinus
536 3189 741 3256 Pictaviensis
755 3190 882 3256 antistes
896 3189 1043 3271 ecclesice,
1058 3189 1096 3255 de
1112 3187 1269 3276 Golgotho

231 3277 365 3344 scribens
381 3276 429 3341 ita
443 3275 589 3342 inclinat:
1107 3324 1112 3333 .

316 3364 378 3427 Est
394 3361 489 3442 locut,
504 3386 544 3427 ex
559 3363 642 3427 omni
656 3363 791 3428 inediam
806 3385 897 3451 quern
912 3361 1064 3427 credimus
1078 3359 1160 3441 orde,

320 3447 478 3536 Golgotlio
491 3447 599 3514 Jadoei
611 3449 714 3534 patrio
728 3450 906 3538 cognomine
920 3448 1039 3512 dicant.
1131 3484 1133 3488 ,

230 3536 464 3601 Verumtamen
485 3536 650 3601 sententiae
671 3536 801 3601 illorum
821 3534 908 3600 haud
927 3535 1086 3620 refragor,
1102 3531 1162 3619 qui
1175 3552 1271 3618 prop·

231 3634 282 3685 ter
296 3621 360 3685 stili
376 3620 585 3685 differentiam
602 3622 803 3687 aVictorino
817 3642 945 3686 carmen
961 3619 1148 3707 abjudicare
1159 3617 1269 3696 velint3

232 3728 306 3770 nam
333 3705 447 3770 Latine
471 3705 561 3792 loqui
587 3723 700 3772 auctor
722 3707 880 3792 poematis
902 3707 1037 3784 videtur,
1059 3703 1093 3768 id
1118 3703 1211 3790 quod
1231 3702 1270 3766 de

231 3792 401 3857 Victorino
426 3792 459 3856 in
482 3805 619 3859 tractatu
641 3796 693 3859 De
716 3792 848 3858 Fabrico
869 3791 988 3857 Mundi
1010 3791 1061 3856 vix
1085 3789 1269 3854 dicendum.

231 3877 379 3943 Facultas
402 3876 488 3942 enim
514 3895 648 3964 puroet
673 3879 844 3949 emendate
865 3877 1025 3944 scribendi
1045 3877 1078 3941 in
1101 3874 1269 3941 cumulum

231 3963 334 4028 sancti
356 3964 505 4064 martyris
526 3964 674 4048 laudum,
689 3978 770 4034 teste
784 3965 931 4054 pluribus
950 3963 1032 4031 locis
1047 3963 1269 4050 Hieronymo,

229 4073 295 4116 non
310 4063 455 4116 accessit.
