2678 4756
292 282 345 349 nr
367 279 597 350 annornm
618 280 855 351 carruae.
1034 303 1102 374 ω,

51 454 94 523 I'n
110 452 293 541 Rigaltiana
311 467 420 520 tamen
439 466 473 519 et
491 455 524 519 in
543 475 582 520 ea
595 478 694 542 quam
711 454 903 520 Reinhartus
918 456 1100 540 procuravit

52 541 212 626 scriptum
232 554 283 605 est
299 541 462 625 episcopor.
499 541 602 626 Angli
623 540 882 606 emendaverunt.
927 541 980 604 Sic
1000 543 1100 607 etiam

53 626 144 713 apud
162 627 331 692 Victorem
350 627 517 691 Vitensem
538 627 596 690 lib.
613 629 642 692 I.
665 649 737 712 cap.
755 641 802 690 13.
823 625 1029 691 scribendum
1050 641 1101 692 est

54 711 239 797 ωσρὲεεορὶε
264 733 326 798 pro
351 733 392 776 eo
417 711 576 798 quodibi
602 713 758 798 scripturn
785 727 835 777 est
855 711 1008 776 oaivmsis
1032 712 1102 797 api·
1127 741 1131 745 ·

53 796 157 882 scopis
173 797 248 861 tuis.
291 799 379 862 Nam
401 811 436 860 et
454 797 487 860 in
506 798 610 882 capite
628 798 775 885 sequenti
793 813 827 863 ct
847 797 925 864 alibi
945 798 1102 884 scriptum

54 897 108 949 est
121 882 315 968 coepiscopis.
336 883 551 947 Bnruzras.

56 1028 62 1035 .
103 970 137 1033 P.
150 981 201 1044 78.
216 968 280 1033 l.5.
303 968 422 1032 libellis
435 967 627 1033 idololatriae
641 968 900 1053 commaculatis]
912 969 965 1032 De
977 968 1103 1033 libella·

55 1053 143 1132 sicis,
163 1055 228 1118 sive
244 1052 321 1134 illis,
336 1053 393 1140 qui
412 1053 556 1118 libellum
582 1075 639 1118 seu
656 1053 777 1140 judicis
797 1054 1018 1118 testimonium
1041 1054 1104 1118 sibi

56 1140 303 1226 comparabant,
320 1139 354 1202 in
378 1161 444 1224 quo
468 1140 623 1224 scriptum
647 1153 728 1217 erat,
750 1140 838 1224 ipsos
860 1139 988 1224 legibus
1011 1139 1107 1203 satis·

56 1225 185 1304 fecisse,
200 1225 234 1290 id
246 1239 309 1304 est,
321 1224 395 1289 Diis
410 1225 614 1302 sacrificasse,
628 1225 756 1288 tametsi
777 1225 857 1288 nihil
875 1224 1035 1312 ejusmodi
1053 1225 1104 1288 fe-

58 1312 191 1390 cissent,
204 1309 276 1374 vide
291 1310 333 1373 cl.
349 1310 573 1373 Moshemiunr
594 1331 685 1373 more
706 1331 777 1388 suo,
799 1311 863 1373 hoc
884 1326 934 1375 est
953 1325 986 1374 et
1008 1309 1107 1374 docte

58 1410 95 1460 et
114 1397 198 1474 fuse,
217 1397 250 1459 in
270 1394 378 1481 Opere
395 1397 445 1458 De
459 1395 560 1459 Rebas
577 1395 825 1459 Christianorum
846 1405 919 1460 ante
943 1396 1107 1461 Constant.

58 1482 115 1551 Μ.
129 1480 361 1567 disputantem.
385 1482 467 1545 Saec.
484 1483 549 1544 111.
566 1484 598 1563 ξ.
611 1481 654 1545 ix.
669 1502 702 1567 p.
713 1493 888 1560 asa-499.

105 1565 192 1631 lbid.
208 1566 231 1631 l.
246 1579 278 1631 8.
301 1565 504 1630 desiderastis
524 1567 656 1631 rescribi
678 1566 719 1631 ad
742 1567 812 1630 haec
833 1564 941 1651 vobis]
955 1567 1035 1631 Non
1056 1566 1107 1629 in·

60 1651 301 1730 convenienter,
313 1673 418 1738 neque
430 1652 568 1716 absurde
579 1652 693 1738 aliquis
705 1652 902 1737 opinabitur,
911 1655 1035 1716 elerum
1045 1651 1115 1716 Hi·-

59 1760 202 1825 spanum
222 1759 319 1824 super
339 1737 409 1802 istis
428 1737 587 1823 episcopis
609 1737 786 1802 idololatris
801 1737 899 1802 etism
915 1738 956 1802 ad
971 1736 1109 1823 Stepho-

61 1846 144 1889 num
157 1823 267 1888 literas
282 1821 420 1902 dedisse,
436 1836 474 1886 ut
493 1822 534 1887 ad
554 1823 767 1908 Cypriorum.
813 1823 877 1887 Sed
897 1845 955 1888 cnr
974 1823 1016 1886 ad
1039 1821 1109 1910 Cy-

61 1908 227 1996 priooum,
241 1908 268 1973 si
283 1919 427 1994 potestas
441 1908 565 1972 infinita
577 1929 673 1993 penes
688 1909 892 1973 Romanurn?
920 1910 1029 1972 lmmo
1043 1909 1111 1972 Ro·

61 2016 177 2073 mano,
190 2006 229 2058 ut
244 1992 345 2079 longe
362 1995 481 2080 posito,
497 2015 535 2057 ac
553 2015 610 2078 per
628 1993 862 2080 negligentiam
881 1992 1032 2080 decepto,
1046 1992 1113 2057 eive

137 2079 300 2145 ambitum
314 2092 371 2144 aut
384 2080 521 2164 gratiam
537 2080 726 2157 subornato,
740 2079 898 2143 Basilides
914 2091 949 2142 et
969 2077 1111 2142 Martia·

61 2102 125 2237 {za
126 2164 246 2251 injuste
268 2165 399 2250 repositi
420 2166 453 2228 in
475 2165 711 2251 episcopatum,
727 2164 848 2250 dequo
863 2164 953 2249 juste
972 2162 1113 2249 depositi

63 2251 207 2329 fuerant,
222 2273 297 2315 cam
312 2271 466 2336 usurpare
480 2250 590 2315 locum
608 2250 778 2336 pristinum
793 2265 996 2328 conarentur,
1011 2249 1116 2313 abetis

65 2348 137 2411 tere
158 2335 266 2401 clerici
284 2336 504 2421 Legionenses
524 2347 559 2400 et
578 2335 802 2400 Asturicenses
824 2358 889 2399 una
909 2357 983 2399 curn
1007 2334 1115 2434 plebe,

65 2420 218 2508 detisque
235 2420 278 2485 ad
299 2421 500 2507 Cyprianum
517 2421 632 2486 litteris
647 2421 848 2506 appellavere
865 2420 1114 2507 Carthaginien·

65 2526 139 2577 aem
153 2507 304 2571 adversus
320 2508 514 2572 Romanurn.
538 2509 756 2571 Rroaarrus
773 2529 793 2570 a
807 2507 896 2571 Fello
911 2507 1038 2574 allatus.

111 2591 199 2657 Ibid.
212 2592 236 2658 l.
247 2607 299 2656 21.
321 2592 477 2678 praedicta
497 2607 530 2656 et
550 2592 769 2676 manifestata]
785 2595 837 2656 Ita
854 2593 1027 2658 duodecim
1041 2591 1116 2657 libri

67 2677 173 2743 nostri
186 2689 309 2743 veteres
321 2690 356 2743 et
369 2679 511 2764 quinque
525 2676 648 2742 laudati
660 2699 679 2740 a
695 2678 848 2742 Pamelio.
880 2679 947 2742 Alii
961 2679 1027 2743 duo
1042 2699 1116 2742 nos-

67 2763 112 2829 tri
126 2763 249 2829 habent
268 2784 338 2826 cum
353 2764 509 2849 praedicta
525 2775 555 2828 et
573 2763 735 2827 mandata.
778 2766 929 2851 Quatuor
943 2764 997 2828 alii
1011 2779 1046 2827 et
1058 2784 1115 2828 ve·

68 2861 156 2924 teres
181 2847 352 2926 editiones,
371 2849 528 2933 praedicta
550 2848 602 2914 vei
622 2848 775 2913 mandata
799 2859 830 2913 et
851 2849 1033 2935 manifesto,
1054 2848 1117 2913 nisi

69 2932 163 3022 qrrod
180 2944 213 2999 et
229 2933 400 3019 manifesta
421 2935 512 2998 deest
531 2936 564 2998 in
585 2955 651 2999 uno
668 2956 796 2999 eorum.
839 2935 942 2999 Addit
958 2934 1122 3000 Pamelius

69 3019 234 3108 superflue
267 3019 413 3084 additum
439 3020 538 3086 fuisse
564 3021 597 3084 in
622 3021 748 3085 excusis
772 3019 823 3084 vel
845 3019 1010 3099 mandato,
1039 3041 1118 3085 cum

69 3127 138 3177 non
152 3107 311 3181 extentio
326 3105 415 3171 libris
429 3105 673 3190 manuscriptis.
704 3108 778 3190 Ego
793 3127 868 3171 curn
886 3107 1028 3170 Pamelio
1042 3124 1117 3170 sen·

70 3192 122 3257 tio
135 3191 225 3257 istud
239 3191 397 3276 superflue
410 3191 557 3255 additum
572 3191 682 3254 fuisse.
718 3194 778 3254 Est
791 3191 877 3255 enirn
893 3213 994 3254 unum
1009 3212 1049 3254 ex
1063 3212 1117 3278 sy=

69 3278 225 3362 nonymis
235 3277 353 3363 quibus
368 3277 534 3341 abundant
546 3289 653 3340 vetera
662 3275 856 3361 exemplaria
868 3284 1002 3361 operum
1016 3277 1120 3341 sancti

70 3384 107 3435 tn
183 3361 237 3430 ris.
252 3362 464 3426 Bsruzros.
499 3362 655 3426 Praedicta
668 3375 703 3425 et
716 3361 886 3425 manifesta
898 3361 968 3425 edd.
983 3359 1120 3426 Pamelii

71 3446 141 3596 Rig
192 3492 200 3510 .
218 3446 374 3533 Felltque.
417 3446 503 3511 lllud
517 3446 568 3510 vel
582 3447 734 3511 mandata
749 3446 824 3511 edd.
840 3459 915 3510 ante
930 3447 1120 3513 Pamelium.

75 3570 82 3607 .·
103 3590 106 3595 .
137 3531 207 3597 bid.
219 3532 244 3596 l.
255 3546 306 3597 28.
328 3533 525 3619 contemptis
539 3531 651 3597 divinis
667 3533 834 3618 praeceptis
848 3532 923 3618 dac]
936 3532 1002 3598 Hic
1017 3533 1122 3597 Esaiae

59 3617 169 3693 ,locus
188 3618 263 3683 fons
284 3630 318 3682 et
339 3618 434 3703 origo
452 3632 503 3683 est
524 3618 672 3683 omniurn
694 3640 774 3704 quas
795 3618 932 3683 antebac
945 3619 1126 3684 observari-

72 3725 153 3771 mus
169 3702 352 3776 &edanum
376 3703 567 3769 hu’usmodi
583 3703 862 3789 cyprianicarum,
878 3705 996 3790 quibus
1014 3703 1124 3768 homi·

74 3810 158 3857 num
183 3801 381 3866 commenta,
405 3727 519 3855 <divinis
540 3788 700 3853 mandatis
722 3810 767 3874 op
811 3790 885 3868 sita,
909 3789 1132 3855 damnantrrrt·

73 3874 214 3943 Dixerat
226 3886 337 3939 autem
351 3875 480 3941 Esaias:
495 3874 587 3957 μάτην
600 3875 629 3938 δὲ
642 3872 770 3937 aidane·
783 3901 820 3957 με
835 3874 1006 3950 διδάσκοντες
1020 3873 1124 3938 ἐντάλ-

74 3984 162 4042 ματα
173 3959 326 4045 ἀνθρώπων
340 3958 386 4036 καὶ
400 3961 594 4034 διδασκαλίας.
632 3958 783 4024 Christus
797 3959 884 4046 apud
898 3960 1021 4026 Matth.
1038 3959 1123 4024 Pha·

74 4045 192 4111 rioteos
205 4045 373 4132 increpans
387 4045 489 4111 dixit:
515 4047 620 4131 Quare
640 4056 673 4110 et
689 4067 742 4110 vos
764 4029 1020 4134 transgredimini
1033 4065 1125 4110 man·

75 4129 190 4195 Mrem
217 4130 294 4210 Dei,
314 4146 373 4217 per
395 4131 594 4202 traditionem
619 4140 765 4196 vestram.
817 4131 919 4219 Quod
942 4129 1127 4218 Cyprianus

76 4216 322 4310 interpretatio,
337 4215 680 4315 qutitisbmandatum
688 4216 770 4300 Dei,
784 4226 822 4283 at
840 4215 1043 4303 gaditanam
1059 4235 1151 4305 wr-
