2678 4756
233 266 295 350 με
542 282 545 291 ·
571 261 933 331 Annorumoues

233 436 349 505 saltem
367 457 442 502 cum
458 434 528 500 aliis
545 435 736 502 Christianis
757 438 905 525 amplexa
920 448 972 504 eat
988 434 1135 516 ecclesia,
1150 434 1273 526 impro-

233 524 322 589 bavit
342 522 376 588 in
397 523 481 587 libro
495 522 594 588 Adus.
608 523 787 611 Psychieos,
799 548 871 613 cap.
886 536 934 591 14.
954 522 1010 589 Vos
1026 522 1125 591 etiam
1142 523 1271 607 (catho-

234 610 303 692 lici)
320 608 482 674 sabbatum
496 609 645 696 siquando
660 611 867 691 continuatis,
884 632 1044 698 nunquam
1057 609 1121 675 nisi
1144 610 1177 674 irr
1194 626 1272 696 pos·

236 695 294 761 cha
300 695 510 780 jejunandum
522 696 685 760 sanandum
700 697 850 762 rationem
864 697 941 761 aliti
951 696 1117 761 redditam.
1141 697 1193 761 lta
1207 697 1272 763 ille.

234 782 421 847 Victorinus
436 795 543 848 autem
560 782 699 847 scribere
716 785 832 881 pergit,
846 785 893 847 Et
912 798 1079 869 parasceue
1098 783 1272 869 superposi-

235 867 278 935 tio
288 866 369 954 fiat,
384 892 421 932 ne
436 868 517 956 quod
534 891 602 932 eum
614 869 738 933 Judeers
752 867 914 934 sublatum
928 868 1084 933 obseruare
1100 868 1272 934 uideamur.

234 956 320 1044 Quae
335 954 466 1042 quidem
486 955 582 1019 verba
601 955 648 1019 ita
666 956 877 1042 interpretor3
899 978 973 1020 cum
990 976 1103 1019 omnes
1118 954 1187 1019 dies
1200 955 1274 1020 festi

212 1042 303 1117 ¹sole
325 1041 461 1105 cadente
482 1042 623 1127 incipere
644 1041 796 1120 solerent,
810 1065 831 1106 o
855 1043 981 1107 ortebat
1001 1040 1206 1106 Christianos
1220 1063 1272 1106 su·

230 1141 397 1213 perpensae
413 1126 540 1215 jejunio
563 1127 626 1192 diei
648 1142 745 1192 sextae
764 1064 854 1228 quod
872 1127 914 1193 ad
933 1149 986 1192 ves
1028 1149 1098 1191 ram
1123 1127 1272 1206 durabat,

234 1235 275 1278 ne
290 1236 366 1279 cum
381 1214 514 1293 Judaeis,
529 1215 665 1278 sabbato
679 1215 785 1279 feriam
799 1214 913 1291 solitis,
926 1214 983 1280 sab
1006 1226 1096 1279 atum
1118 1225 1272 1301 tanquam

194 1308 199 1323 ¹
233 1299 355 1366 festum
377 1300 537 1365 celebrare
558 1315 592 1364 et
613 1301 780 1365 observare
801 1300 993 1366 viderentur.
1037 1301 1144 1385 Supra
1163 1299 1206 1365 de
1222 1299 1272 1364 die

232 1401 349 1474 quarto
369 1386 556 1453 Victorinus
579 1385 711 1465 dixerat,
732 1409 828 1474 quare
848 1408 945 1475 usque
966 1385 1008 1450 ud
1029 1385 1139 1451 Ιιοταοον
1158 1406 1273 1450 nonani

223 1472 247 1559 j
270 1473 414 1552 ‘anemos
425 1483 480 1537 out
496 1494 592 1560 usque
607 1473 649 1536 od
661 1489 830 1559 uesperam,
842 1484 899 1537 out
912 1471 1114 1558 superpositio
1128 1472 1272 1572 usquein

233 1495 369 1623 aiterum
391 1558 472 1625 dnm
482 1558 562 1645 fiat.
605 1560 826 1625 Veruntamen
851 1559 970 1638 Graeci,
991 1558 1111 1646 aliique
1132 1570 1271 1623 orienta-

232 1643 291 1723 les,
313 1644 432 1744 quiex
452 1667 544 1710 more
565 1645 699 1732 antiquo
724 1644 911 1711 observandi
933 1644 1118 1722 sabbatum,
1140 1644 1201 1710 illo
1221 1644 1270 1709 die

231 1753 297 1795 non
314 1730 472 1819 jejunare,
489 1731 549 1796 nisi
569 1732 602 1795 in
624 1732 755 1817 pascha,
771 1744 1015 1809 consueverunt,
1031 1730 1205 1816 negotium
1223 1731 1270 1794 in·

231 1831 365 1896 vertere,
380 1832 477 1904 atque
498 1839 648 1882 accusare
668 1818 802 1883 Latinos
818 1816 1006 1906 judaizandi
1027 1828 1142 1902 postea
1163 1817 1270 1882 conati

231 1917 319 1969 sunt.
355 1905 405 1969 lta
420 1904 599 1970 Matthaeus
613 1903 773 1969 Blastares
788 1905 821 1969 in
836 1901 1269 1991 SyntogmateAlphadetieo,

230 1990 297 2055 Lit.
308 1991 351 2056 A.
366 2011 398 2077 p.
409 2009 440 2070 9.
458 1990 499 2055 de
513 1989 668 2055 Sabbatio
682 1991 949 2056 sabbatianorum
970 1989 1053 2054 duce
1069 1988 1143 2053 haee
1161 1989 1269 2069 habet,

229 2078 308 2162 τῇ.δέ
330 2077 399 2166 περὶ
419 2080 457 2140 τοὶ
475 2076 566 2164 χείρω
587 2075 732 2163 φιλοτιμίᾳ
752 2077 799 2141 καὶ
818 2078 962 2150 'laeana
979 2072 1160 2156 eattmttar
1173 2077 1269 2164 ᾑρεῖτο,

231 2162 338 2242 russiae
356 2165 383 2226 ir
402 2162 491 2249 τούτῳ
510 2161 623 2246 miore,
637 2163 658 2249 ’b
672 2161 772 2227 τᾶλλα
785 2161 993 2264 παραπλησίως
1007 2161 1126 2237 ἐκείνοις·
1150 2162 1268 2226 subdiri

230 2251 279 2313 καὶ
301 2255 325 2312 οἱ
343 2253 456 2313 Λατῖνοι
475 2256 568 2312 τανῦν.
583 2249 670 2334 apud
692 2249 857 2336 Beveregri
874 2248 1070 2336 Synodicum.
1109 2247 1182 2314 Ubi
1199 2269 1267 2313 mos

226 2333 396 2436 jejunandi
417 2336 551 2400 sabbato
568 2333 821 2421 reprehenditur,
835 2357 899 2399 non
915 2333 1005 2422 qnod
1018 2332 1126 2400 Judaei
1140 2333 1208 2399 hoc
1221 2334 1269 2399 die

156 2506 157 2510 Ἰ
224 2442 373 2511 jejunare
393 2421 478 2486 soliti
498 2434 583 2500 sunt,
598 2420 654 2507 qui
668 2434 780 2485 contra
794 2421 1019 2508 epulabantur,
1035 2420 1092 2485 scd
1107 2420 1187 2506 quia
1201 2432 1268 2485 tan-

231 2529 328 2594 quam
343 2528 469 2570 sacrum
489 2505 575 2571 diem
598 2506 836 2571 incredulorum
860 2507 960 2571 instar
973 2505 1165 2574 ludaeorum
1192 2507 1268 2583 Saba

228 2593 336 2658 batius
350 2604 447 2678 atque
461 2593 568 2657 Latini
584 2593 756 2679 septimum
772 2593 993 2658 observabant.

273 2680 307 2742 P.
324 2689 392 2754 237.
408 2680 430 2742 l.
446 2694 492 2742 15.
512 2677 601 2765 quod
615 2679 800 2763 sabbatum]
813 2680 888 2743 MS.
904 2680 992 2765 qnod
1005 2680 1156 2744 sabbato.
1180 2683 1267 2766 Lego

229 2765 318 2851 quod
333 2764 502 2830 sabbatum
516 2787 651 2851 corpore
663 2787 722 2829 suo
738 2765 876 2829 resolvit.
900 2766 953 2830 Sic
966 2766 1058 2830 infra.
1074 2769 1266 2832 Wauuan.

229 2851 307 2916 Vid.
322 2851 473 2936 Apostoli
489 2852 597 2915 locum
612 2852 645 2915 in
660 2851 766 2936 Epist.
783 2851 824 2914 ad
838 2851 954 2937 Ephes.
969 2852 1002 2915 ii.
1020 2864 1068 2928 lt,
1083 2867 1131 2916 15.

274 2937 357 3002 lbid.
374 2937 459 3012 l.17.
483 2961 557 3024 quae
572 2937 638 3022 die]
655 2937 865 3002 Scribendum
885 2954 996 3002 monet
1010 2938 1192 3002 Walkerus
1207 2936 1266 3000 dies

228 3045 289 3110 pro
323 3023 383 3102 die,
413 3025 455 3087 de
483 3047 548 3111 qua
574 3038 681 3088 tamen
712 3023 934 3087 emendatione
962 3023 1177 3087 dubitandum
1208 3037 1265 3088 est.

230 3111 383 3196 Signatur
401 3111 492 3174 Joon.
511 3110 562 3173 vii.
577 3124 627 3174 23.
651 3109 706 3175 ubi
727 3109 797 3174 baec
820 3125 905 3174 sunt.
950 3112 1121 3194 Propterea
1141 3111 1266 3194 Moyses

229 3197 314 3260 dedit
336 3195 419 3260 nodis
440 3196 708 3273 circumcisionem,
721 3219 782 3262 ,nort
802 3195 877 3282 qnia
896 3219 935 3260 ese
956 3196 1070 3282 Moyse
1084 3207 1143 3273 est,
1158 3196 1211 3261 sed
1229 3217 1267 3260 ea

224 3282 369 3367 putribus
381 3294 411 3346 et
426 3282 457 3346 in
473 3281 596 3345 subbato
610 3281 827 3345 cirurnncidr'tis
839 3280 1002 3345 honrinern.
1026 3280 1191 3346 Adhibuit
1205 3281 1266 3345 hoc

228 3368 303 3433 loco
324 3384 437 3433 auctor
454 3367 636 3454 plerumque
650 3389 709 3452 pro
724 3382 808 3452 scepe
819 3392 829 3446 3
857 3368 917 3432 nisi
937 3368 962 3431 si
986 3367 1074 3432 aliud
1095 3368 1176 3454 quid
1196 3389 1266 3452 per·

111 3507 115 3513 .
230 3456 363 3519 suaserit
385 3454 444 3518 tibi
467 3453 635 3539 Epiphanii
657 3454 748 3518 locus
771 3454 803 3518 in
827 3454 951 3519 Hceees.
968 3477 1040 3518 xxx.
1063 3477 1156 3518 num.
1174 3469 1267 3518 32.-

228 3541 359 3616 δεὶκνυτορ
381 3545 438 3624 γοὶρ
460 3538 500 3602 ὅτι
523 3546 547 3602 oi
565 3540 771 3625 περοτεμνὸντες
790 3539 857 3603 au'rd
878 3542 910 3603 ri
931 3540 1058 3625 γεννηθὲν
1073 3543 1100 3603 ἐν
1114 3538 1264 3625 σαέἔᾶτορ,

229 3630 276 3689 iria
299 3627 454 3702 θελήσωσιν
476 3623 745 3711 ἀκροὲολογῆοαῶοο
768 3629 816 3702 τὴν
842 3626 936 3710 ὀγδόην
961 3625 1074 3712 ἡμέραν,
1099 3626 1267 3714 εὑρίσκοντες

228 3710 410 3794 iprinlouoar
430 3715 456 3772 ἐν
477 3709 625 3797 σαὲὅάτορ,
643 3713 690 3774 καὶ
705 3710 911 3796 περιτέμνοντες
927 3711 1005 3796 ἔργον
1019 3711 1203 3798 εἰργάσαντο,
1219 3712 1267 3775 nai

228 3800 260 3862 ri
275 3795 418 3860 σάέἕοιτον
432 3797 544 3860 ἔλυσαν.
567 3801 613 3860 sav
628 3798 654 3859 δὲ
669 3797 835 3883 ὑπέρθοοντορ
851 3799 894 3860 διὰ
906 3799 938 3861 τὸ
952 3802 990 3880 μὴ
1006 3803 1091 3875 λῦσον
1104 3798 1138 3860 ri
1153 3795 1267 3862 oridia·

227 3909 284 3962 τον,
300 3883 378 3969 ἐνάτῃ
393 3883 486 3946 λοιπὸν
500 3883 676 3969 τεροτέμνεσο
690 3888 737 3956 τὴν
751 3883 915 3970 περιτομήν.
945 3885 993 3946 καὶ
1009 3882 1111 3947 ἔλυσαν
1125 3887 1175 3961 τὴν
1187 3909 1266 3972 atgr-

227 3973 322 4052 τομὴν,
338 3973 386 4032 καὶ
400 3970 446 4031 τὸν
460 3969 528 4054 περὶ
544 3972 625 4044 αὐτῆς
639 3976 693 4032 τῶν
708 3967 780 4031 ὀκτὼ
793 3977 896 4055 ἡμερῶν
910 3967 967 4054 ὅρον
982 3977 1029 4032 τοῦ
1044 3969 1266 4056 ωροςᾶγματος.

208 4071 210 4076 ’
226 4058 276 4120 Ut
287 4055 402 4128 dixisse
414 4070 580 4118 censeatur
590 4054 787 4133 Victorinus,
797 4054 1072 4119 circumcisionem
1081 4053 1267 4142 plerumque

227 4142 293 4206 fieri
307 4141 455 4218 sabbato,
471 4139 495 4202 si
511 4139 565 4203 ille
579 4137 645 4203 dics
660 4153 790 4203 octavus
806 4141 903 4205 fuerit
919 4163 938 4203 a
952 4152 1046 4226 partu
1060 4141 1203 4206 infantis.

272 4226 356 4291 lbid.
371 4227 393 4290 l.
405 4240 456 4291 20.
478 4224 666 4311 legebamus
683 4226 757 4310 bre]
775 4232 798 4264 “
810 4227 893 4289 Haec
907 4227 1051 4305 omnia,”
1065 4227 1111 4293 ait
1125 4226 1267 4294 walke-

225 4317 330 4396 rus,·‚“
342 4309 588 4407 mendosissime
600 4311 710 4378 suut.''
744 4311 800 4379 Ad
815 4314 924 4398 rriarg.¹
935 4311 1067 4379 Carioni
1085 4310 1266 4403 apographi
