2678 4756
387 239 442 330 nr
464 257 692 330 concrum
715 259 950 329 carrusa.
1125 280 1187 354 153

145 431 248 521 nsum
264 431 497 499 c'l'ertulliano
513 430 589 511 dici,
610 455 686 498 cum
707 433 769 498 ista
783 434 879 498 rerba
896 433 1021 520 profert
1035 432 1190 500 adversus
1221 510 1224 514 ⁴

144 518 334 607 Psychicos.
356 520 587 584 Rroanrrus.
631 518 708 584 Vid.
723 541 797 606 quae
817 518 905 584 dicta
921 520 955 584 in
971 519 1030 584 lib.
1047 519 1088 584 de
1104 522 1188 584 Uni-

143 611 227 685 rare,
240 625 275 690 p.
290 617 357 670 108.
403 607 503 669 Hunc
525 604 680 691 loquendi
705 605 840 669 modum
864 627 929 669 non
952 605 1191 671 aTortulliano

144 686 353 757 Montaniste
377 688 491 754 didicit
517 689 711 777 Cyprianus,
737 690 826 777 quod
850 690 1008 755 Pamelius
1030 691 1192 756 insinuare

143 774 270 852 roluitr
291 775 348 841 sed
368 777 447 840 aD.
458 776 567 854 Petro,
588 776 747 863 siquidem
766 777 799 840 in
815 776 960 862 Epistola
975 775 1016 840 ad
1030 777 1192 863 Quintum

145 858 237 925 dicat
247 861 375 926 Auctor
390 877 510 939 noster,
525 863 565 925 Β.
576 863 774 947 Apostolum
794 885 855 926 aaa
868 862 1043 927 vendicasse
1057 861 1115 926 siti
1129 861 1194 925 uli-

146 945 228 1033 qra'd
239 943 397 1025 1111111111,
420 957 475 1010 urat
490 958 675 1033 arroganter
690 948 879 1027 assumsisse,
900 960 936 1011 ut
951 947 1065 1012 diceret
1078 970 1111 1011 se
1121 948 1192 1031 pri·

145 1043 271 1097 mutam
285 1029 430 1112 obtinere,
448 1032 508 1096 &e
531 1034 692 1097 Faunus.
722 1034 771 1095 Eo
783 1033 879 1098 titulo
895 1032 973 1098 olim
988 1033 1092 1097 ornati
1107 1054 1193 1119 quo·

170 1137 215 1181 uc
240 1129 318 1181 suut
364 1118 450 1182 lures
476 1117 619 1217 episcopi
644 1118 700 1204 qui
728 1140 792 1182 non
814 1131 905 1182 erant
927 1140 1020 1205 papae
1041 1119 1193 1184 Romani.

147 1136 315 1280 {idonius
334 1138 443 1269 iuvi.
456 1216 550 1288 epist.
567 1220 594 1266 1.
618 1205 747 1288 Lupum
771 1204 959 1290 episcopum
974 1203 1194 1295 Tricassinurn

147 1300 245 1356 vocat
262 1300 387 1373 patrem
407 1301 535 1374 patrum
557 1302 591 1352 et
612 1290 800 1375 episcopum
823 1290 1061 1376 episcoporum.
1082 1291 1194 1367 Enno-

147 1371 226 1453 111111Ι
233 1372 291 1440 lib.
303 1372 326 1438 i.
340 1394 440 1438 carm.
455 1389 501 1437 15.
518 1388 666 1438 sanctum
678 1374 890 1439 Ambrosium
900 1386 993 1439 vocat
1005 1373 1195 1461 episcopum

148 1459 393 1543 episcoporum.
415 1459 596 1523 Matthaeus
612 1460 748 1524 Parisius
764 1460 797 1523 in
813 1483 897 1524 anno
911 1459 1015 1523 11511
1060 1481 1138 1524 uena
1153 1459 1196 1525 de

147 1557 259 1609 morte
274 1545 430 1630 Hugonis
443 1545 588 1631 episcopi
603 1545 751 1622 Eliensis,
768 1546 832 1610 ait:
858 1546 922 1632 Qui
935 1546 1015 1609 sicut
1029 1568 1049 1609 a
1070 1544 1125 1609 las
1137 1545 1195 1610 alr·

150 1627 261 1711 datam
277 1630 311 1694 ia
329 1629 464 1716 Anglic,
488 1631 535 1694 ita
556 1641 588 1694 et
648 1631 766 1716 iscopus
779 1632 987 1716 episcoporum
1002 1631 1197 1712 coruscavit5

149 1713 250 1782 etiam
266 1714 464 1801 principibus
479 1715 607 1803 aliquan
632 1738 653 1780 o
667 1718 693 1780 is
708 1717 813 1781 honos
825 1717 954 1781 habitus
971 1729 1031 1794 est,
1048 1729 1084 1781 ut
1098 1738 1197 1781 voca·

144 1812 265 1867 rentur
280 1801 425 1887 episcopi
438 1802 676 1887 episcoporum.
710 1803 848 1882 Arriani,
865 1815 902 1866 ut
916 1815 1053 1866 testatur
1066 1803 1198 1869 Lucifer

151 1884 360 1951 Calaritanus
373 1887 406 1950 in
421 1887 504 1951 libro
520 1886 561 1950 de
577 1887 746 1951 moriendo
762 1909 821 1973 pro
836 1888 901 1952 Dei
922 1887 1016 1965 Filio,
1037 1886 1199 1952 Constan-

149 1970 236 2037 tium
251 1970 295 2037 im
338 1985 480 2036 retorem
490 1974 646 2037 vocabant
658 1974 845 2058 episcopum
857 1974 1095 2059 episcoporum.
1117 1974 1199 2038 Mo*

152 2054 278 2122 naehus
317 2058 509 2158 angallensis
531 2059 564 2122 in
588 2058 672 2123 libro
696 2059 736 2121 de
750 2059 974 2122 Ecclesiastica
992 2080 1070 2122 cura
1087 2058 1199 2123 Caroli

152 2143 208 2209 M.
221 2163 293 2229 cap.
302 2144 397 2208 xxvii.
412 2165 486 2208 eum
503 2157 597 2208 vocat
611 2145 798 2229 episcopum
814 2143 1052 2228 episcoporum.
1081 2143 1198 2230 Adga-

152 2249 210 2294 rus
224 2249 281 2293 rex
293 2228 437 2316 Angliae,
455 2242 493 2296 ut
506 2229 626 2315 legitur
640 2230 672 2293 in
688 2228 824 2315 epistola
840 2230 942 2294 lsaaci
959 2229 1144 2294 Casauboni
1158 2228 1200 2294 ad

132 2390 135 2394 ⁴
152 2313 317 2379 Jacobum
336 2335 460 2400 regern,
481 2328 515 2379 et
536 2314 624 2399 apud
640 2314 996 2381 loannem-seldenum
1011 2314 1043 2379 in
1058 2315 1143 2380 notis
1156 2313 1200 2380 ad

153 2397 366 2478 Eadmerum‚
381 2413 513 2464 vocatur
527 2413 639 2485 pastor
651 2414 818 2485 pastorum
830 2401 863 2464 in
877 2423 893 2464 s
916 2399 1005 2464 nodo
1018 2400 1200 2486 Anglicana

154 2484 218 2549 sub
242 2485 416 2549 Dunstauo
439 2484 611 2550 celebrem.
654 2488 783 2550 Notum
804 2498 854 2549 est
904 2485 1124 2550 onstantinum
1146 2487 1198 2550 M.

154 2570 264 2639 vocari
275 2590 483 2636 communem
495 2571 604 2657 episoo
630 2593 684 2634 um
697 2571 785 2657 apud
796 2571 984 2635 Eusebium.
999 2571 1083 2637 Vide
1098 2571 1201 2636 Cote-

151 2655 228 2721 lerii
242 2667 336 2720 notas
349 2656 384 2720 iu
394 2657 564 2741 epistolam
578 2593 756 2721 Clementis
769 2656 811 2720 ad
824 2657 844 2721 J
846 2657 996 2734 acobum,
1011 2669 1045 2720 et
1054 2658 1201 2722 Francis-

154 2762 234 2806 eum
255 2741 488 2806 Bernardinum
517 2742 696 2807 Ferrarium
721 2742 777 2807 lib.
791 2741 836 2805 iii.
860 2763 931 2827 cap.
944 2759 972 2806 1.
994 2741 1036 2805 de
1054 2743 1201 2828 Antiquo

154 2825 456 2892 Ecclesiasticarum
474 2827 693 2912 Epistolarum
717 2829 854 2892 Genere.
877 2829 1087 2892 Banuzrus.
1130 2829 1203 2893 Fel-

155 2911 222 2990 lus,
249 2933 346 2999 quem
373 2933 438 2998 ego
460 2911 514 2976 hic
539 2923 668 2977 secutus
690 2935 775 2993 sum,
795 2915 929 2977 verbum
950 2935 1013 2977 esse
1030 2913 1201 2994 deleverat,

156 2995 250 3085 quod
264 2996 404 3062 abfuisse
418 3019 438 3062 1
452 2999 553 3062 MSto
568 2999 739 3063 Societatis
758 3021 825 3064 suae
839 2999 1033 3064 Jesuitarum
1055 2998 1202 3064 Hardui-

157 3104 220 3148 nus
248 3082 456 3148 Consiliorum
481 3084 587 3149 editor
609 3096 764 3163 testatum
797 3106 902 3169 neque
925 3099 1091 3170 comparet
1116 3083 1204 3152 istud

156 3174 224 3235 csse
236 3168 325 3254 apud
339 3169 564 3254 Augustinum
580 3170 636 3232 lib.
650 3171 682 3234 ii.
700 3172 815 3234 Contra
830 3169 992 3234 Donatist.
1012 3170 1069 3233 ubi
1084 3170 1134 3256 cy
1161 3171 1204 3234 ri·

156 3256 212 3319 ani
228 3255 325 3319 verba
346 3255 487 3340 primurn
511 3255 726 3334 adducuntur,
742 3277 815 3334 nam
830 3255 940 3319 omnia
959 3255 1029 3320 haec
1048 3276 1108 3343 syn
1154 3256 1204 3323 icc

157 3339 211 3405 bis
224 3338 271 3404 ibi
285 3354 461 3426 ponuntur.

205 3426 305 3503 P.91.
321 3425 343 3488 l.
356 3439 408 3489 30.
428 3424 585 3489 libertatis
607 3436 640 3488 et
661 3425 830 3510 potestatis
851 3446 918 3488 suae
940 3424 1107 3489 arbitrium
1127 3446 1205 3511 pro·

159 3509 285 3596 prium]
312 3512 388 3575 Hoc
410 3525 472 3589 est,
490 3523 529 3574 ut
551 3510 595 3575 ait
615 3511 824 3590 Marshallus‚
848 3510 904 3596 qui
928 3522 1036 3574 tamen
1057 3511 1206 3596 pluribus

160 3608 276 3659 contra
294 3594 435 3683 cujusvis
454 3595 598 3681 episcopi
620 3595 654 3658 in
676 3595 779 3659 aliene
797 3596 920 3660 ditione
942 3608 1134 3683 potestatem
1153 3620 1207 3663 ar·
1227 3617 1229 3620 ⁴

159 3693 372 3766 gumentatus
394 3693 474 3758 erat,
493 3681 528 3744 in
550 3680 646 3744 rebus
668 3681 710 3745 ad
731 3679 931 3767 disciplinam
954 3680 1206 3751 ecclesiasticam

159 3765 409 3851 pertinentibus,
421 3765 591 3851 dequibus
605 3766 684 3829 nihil
696 3767 782 3852 prius
795 3765 900 3830 inerat
913 3766 946 3830 in
959 3767 1087 3852 synodo
1097 3767 1210 3856 aliqua

160 3851 345 3919 decretum.
388 3853 624 3917 Verumtamen
641 3850 783 3938 aliquam
798 3851 831 3916 in
847 3852 896 3914 his
912 3873 1044 3939 quoque
1057 3854 1152 3917 rebus
1166 3854 1208 3918 li.

160 3936 324 4002 bertetem
351 3936 496 4002 relictam
522 3936 621 4001 fuisse
647 3936 794 4022 suspicor
821 3938 919 4000 etiarn
942 3952 1018 4085 post
1042 3939 1207 4023 synodum

162 4035 328 4109 peractam
337 4021 464 4109 judicio
479 4020 733 4108 uniuscujusque
747 4021 901 4109 episcopi.
964 4034 997 4086 11
1011 4023 1045 4086 iu
1058 4024 1149 4108 epist.
1164 4025 1209 4090 ad

162 4107 382 4174 1111οηὶ11111
392 4119 486 4195 p.72.
502 4106 572 4172 haec
583 4108 693 4192 posuit
700 4108 883 4196 Cyprianus
893 4132 904 4187 3
927 4106 1210 4199 thuidemcpud

163 4203 369 4263 successores
387 4205 507 4257 nostros
529 4191 658 4280 quidam
677 4192 717 4257 da
734 4193 883 4281 episcupis
902 4192 974 4257 istic
996 4191 1031 4256 ia
1046 4192 1217 4277 provincia.
1270 4260 1275 4269 ‚

164 4277 425 4353 nostradcrrrlam
442 4293 553 4365 parem
567 4276 694 4346 11111111
705 4298 768 4347 aon
780 4274 989 4367 1111111111,Ι
1005 4288 1036 4347 rt
1053 4275 1087 4344 ia
1110 4287 1211 4350 1111111
1234 4314 1240 4333 =
