2678 4756
384 301 604 375 coucrn.
628 302 899 374 carruae.
922 306 1004 375 vn.
1170 324 1214 395 φ

164 642 168 650 ·
210 602 584 682 canmmmuttsu
604 598 845 678 coucmrun
864 615 945 678 sna
964 614 1181 676 erramus

583 746 810 817 sarrmmr,
934 749 938 753 ·

432 922 473 962 Ex
491 921 605 962 antuus
625 920 747 960 AFRICAE
768 919 960 971 auovtrtclts,

360 1060 470 1125 Quor>
487 1060 541 1116 na
558 1056 748 1115 sarmento
765 1054 942 1114 rennuis
958 1056 1034 1126 aar,
1056 1030 1058 1035 ’

136 1231 163 1282 s
266 1226 430 1276 auuoourt
449 1227 528 1272 sosr
549 1222 723 1270 cnarsruu
742 1221 863 1268 nasuta
882 1207 942 1266 256
961 1219 1129 1287 aaarruu,
1204 1272 1208 1279 ,

239 1390 244 1397 “
274 1374 449 1442 Sententia
461 1373 685 1459 Episcoporum
703 1386 882 1437 nxxxvrr.
897 1369 935 1435 de
951 1369 1123 1436 Hareticis
1199 1394 1202 1401 ·

584 1486 807 1576 Baptizmrdt's.

169 1718 172 1725 .
217 1661 308 1728 Cum
330 1661 364 1728 in
384 1685 485 1728 unum
510 1659 702 1748 Carthagini
723 1659 945 1726 convenissent
964 1658 1117 1725 Kalendis
1139 1659 1220 1753 Sep·

165 1771 311 1849 ‚tembris
334 1771 479 1860 episcopi
504 1770 636 1858 plurimi
660 1792 701 1835 ex
724 1770 886 1858 provincia
906 1769 1031 1850 Africa,
1051 1768 1221 1851 Numidia,

128 1881 386 1962 loMauritania,
401 1904 477 1948 curn
499 1880 695 1968 presbyteris
716 1891 753 1944 et
770 1879 973 1961 diaconibus,
993 1893 1151 1969 presente
1171 1891 1222 1973 st·

125 2044 129 2052 .
172 1993 241 2060 iam
255 1993 361 2081 plebis
384 1993 525 2059 maxima
543 2003 647 2079 parte,
663 2002 697 2055 et
710 1989 804 2056 lectae
819 2003 927 2056 essent
940 1989 1056 2055 litterae
1070 1986 1222 2056 Jubaiaui

173 2101 218 2169 ad
243 2101 445 2191 Cyprianum
470 2103 576 2183 factae,
602 2103 680 2168 item
706 2102 862 2190 Cypriani
887 2101 929 2167 sd
951 2101 1147 2168 lubaianum
1169 2123 1222 2196 ne-

167 2212 316 2299 scriptas,
342 2212 383 2277 de
411 2211 570 2279 haereticis
597 2211 810 2300 baptizandis,
837 2211 980 2300 quidque
1008 2209 1221 2298 postmodum

168 2321 344 2411 cypriano
367 2322 546 2389 Jubaianus
571 2320 659 2387 idem
685 2321 892 2408 rescripserit,
915 2320 1099 2410 Cyprianus
1121 2319 1222 2387 dixit:

126 2432 336 2514 teAudistis,
351 2434 487 2520 collegae
509 2431 720 2512 dilectissimi,
743 2432 822 2519 quid
844 2431 924 2497 mibi
944 2430 1123 2497 Jubaianus
1144 2437 1222 2498 coit·

172 2541 331 2629 piscopus
356 2553 464 2607 noster
488 2541 650 2628 scripserit
670 2541 841 2606 considens
864 2540 1122 2606 mediocritatem
1145 2563 1222 2621 nos,-

174 2664 261 2717 tram
285 2650 329 2717 de
352 2650 467 2717 illicito
491 2664 525 2716 et
548 2649 718 2736 prophano
744 2649 969 2715 baereticorum
992 2649 1166 2734 baptismo,
1184 2663 1223 2739 et

170 2759 257 2851 quid
271 2781 336 2849 ego
352 2761 384 2826 ei
401 2758 629 2846 rescripserim,
644 2780 779 2823 censens
791 2758 926 2838 scilicet,
942 2758 1029 2846 quod
1051 2757 1152 2851 semel
1171 2771 1222 2825 at.-

164 2892 241 2975 ‘que
266 2870 384 2937 iterum
408 2884 443 2937 et
467 2893 554 2958 saepe
577 2870 774 2949 censuimus,
796 2871 965 2936 haereticos
987 2870 1029 2935 ad
1052 2868 1220 2939 ecclesiam

127 2979 338 3048 revenientes
356 2981 500 3047 ecclesiae
519 2980 682 3066 baptismo
697 2979 856 3067 baptisari
870 2992 904 3045 et
918 2979 1107 3047 sanctificari
1122 3000 1221 3071 opor·

128 3170 132 3181 Ι
149 3144 152 3150 .
172 3102 256 3155 tere.
300 3091 386 3156 Item
403 3090 497 3156 lecta
511 3102 587 3155 sunt
601 3090 691 3155 vobis
703 3103 737 3155 et
750 3089 822 3155 aliae
834 3089 986 3156 Jubaiani
1003 3090 1131 3169 litterae,
1146 3084 1221 3177 qui·

172 3198 237 3265 bus
259 3221 319 3287 pro
340 3222 399 3265 sua
420 3201 544 3266 sincera
565 3213 598 3264 et
620 3198 772 3285 religiosa
794 3197 964 3263 devotione
985 3197 1027 3262 sd
1049 3196 1221 3285 epistolam

164 3320 320 3391 ,uernam
340 3309 530 3388 rescribens,
546 3330 611 3372 non
634 3320 762 3372 tantum
782 3306 956 3387 consensit,
970 3306 1027 3372 sed
1048 3306 1147 3374 etiam
1168 3308 1222 3375 in·

164 3429 338 3487 structum
360 3441 395 3485 se
414 3441 486 3485 esse
507 3420 674 3485 confessus
695 3418 817 3507 gratias
838 3419 918 3506 egit.
962 3419 1117 3507 Superest
1130 3433 1168 3486 ut
1181 3421 1223 3489 de

128 3525 238 3595 zshac
258 3525 330 3613 ipsa
352 3549 387 3593 re
409 3528 529 3616 singuli
543 3529 621 3616 quid
640 3529 816 3594 sentiamus
831 3529 1044 3616 proferamus,
1059 3531 1221 3599 neminem

168 3632 369 3723 judicantes,
383 3653 440 3703 aut
463 3660 482 3702 a
499 3637 575 3726 jure
589 3637 892 3703 communicationis
908 3637 1061 3725 aliquem,
1076 3639 1104 3705 si
1117 3638 1222 3728 diver·

175 3767 251 3810 surn
279 3747 423 3826 senserit,
449 3761 644 3812 amoventes.
687 3747 807 3833 Neque
831 3747 917 3812 enim
946 3746 1118 3835 quisquam
1144 3732 1221 3817 nos·

170 3866 264 3943 ,trum
279 3857 469 3943 episcopum
487 3878 522 3920 se
541 3857 768 3943 episcoporum
789 3856 970 3938 constituit,
984 3871 1041 3923 aut
1054 3840 1223 3947 tyrannico

175 3961 300 4029 terrore
322 3964 364 4029 ad
385 3964 583 4052 obsequendi
604 3965 825 4056 necessitatem
845 3966 988 4053 collegas
1010 3989 1087 4039 suos
1107 3968 1224 4056 adigit,

129 4071 309 4159 anquando
330 4072 449 4139 babeat
465 4074 572 4139 omnis
595 4056 767 4161 episcopus
789 4097 849 4162 pro
871 4076 1000 4141 licentia
1020 4076 1177 4142 libertatis
1190 4092 1224 4143 et

175 4184 348 4270 potestatis
371 4205 440 4250 suae
464 4183 633 4250 arbitrium
658 4183 838 4272 proprium,
861 4195 994 4270 tamque
1014 4182 1156 4271 judicari
1181 4185 1225 4251 ab
