2678 4756
245 306 290 377 54
508 350 511 357 ,
580 285 938 354 anuorsuorrns

247 458 332 523 dreoe
352 454 470 535 Wram,
488 474 571 531 anno
594 470 678 532 172³.
701 456 832 535 editam,
852 456 894 521 ad
915 479 946 543 p.
961 472 1011 523 55.
1032 476 1107 523 cunr
1128 454 1278 525 Collierii

247 542 335 609 Har.
356 540 444 609 Eccl.
463 543 523 609 Ma
547 565 598 607 τιατ
612 540 791 607 Britannica
809 543 871 607 vol.
885 543 917 607 ii.
938 564 1012 629 pag.
1027 557 1096 619 887.
1111 543 1277 611 consum.

247 628 330 695 Mox
344 632 379 703 ὥς
393 650 452 714 pro
466 625 493 703 ὃς
528 626 642 775 parali.

293 716 327 779 Ρ.
344 726 390 779 14.
406 713 429 779 l.
441 730 471 791 9.
493 716 529 775 titt
554 711 662 789 varri,
676 721 725 779 τοῦ
740 714 839 799 κλήρου
861 714 908 776 ard
927 720 1031 777 λαϊκῶν
1046 712 1123 798 &c.]
1138 712 1275 799 Presby-

247 798 307 865 teri
322 798 400 864 olim
413 798 455 863 ab
469 798 622 898 episcopo
637 798 774 864 ordinari
793 820 856 861 non
877 810 1023 883 poterant
1037 797 1104 861 sinc
1118 819 1276 865 conseruo

247 884 323 950 cleri
334 898 368 948 et
382 884 504 970 populi.
526 882 628 948 Aede
641 884 749 970 populi
764 882 893 970 quidem
908 883 1060 968 suffragio
1074 882 1106 947 iu
1119 883 1276 947 electione

247 970 520 1057 presbyterorum,
542 982 699 1043 testantur
723 983 828 1055 patres
851 969 978 1033 concilii
1000 968 1127 1033 Nicaeni
1141 968 1182 1039 ,in
1208 969 1275 1054 epi·

248 1054 330 1119 stola
344 1053 498 1142 synodica
512 1050 553 1118 ad
568 1053 734 1139 episcopos
749 1054 900 1140 AEgypti,
914 1054 971 1119 ubi
984 1054 1025 1117 dc
1039 1052 1162 1117 clericis
1174 1052 1230 1137 qui
1243 1074 1277 1117 ss

248 1160 268 1207 a
287 1138 413 1205 Meletii
431 1138 603 1209 schismate
623 1159 721 1224 puros
740 1152 836 1225 atque
857 1139 999 1227 integros
1012 1151 1219 1217 servaverant,
1233 1136 1277 1202 ita

247 1224 447 1313 precipiunt.
468 1228 491 1301 ti
505 1223 533 1289 ll
546 1223 609 1287 τινά
622 1248 657 1286 το
761 1222 823 1301 dorin
837 1223 1043 1298 ἂναταύσαθαι
1060 1232 1113 1287 τῶν
1132 1227 1208 1310 ivri
1228 1227 1276 1285 ix·

248 1310 364 1420 maipa,
376 1315 527 1387 τηνικαῦτα
544 1334 647 1375 curma
761 1314 798 1383 εἰς
816 1313 865 1387 τὴν
884 1314 964 1390 τιμὴν
986 1314 1034 1373 τοῦ
1053 1307 1277 1384 τετελευτηκότος

247 1396 309 1469 τοὺς
324 1421 386 1480 apra
400 1392 643 1478 προτλῃφθέντας,
654 1392 733 1475 μόνον
755 1399 776 1456 sl
796 1392 867 1472 ἄξιοι
886 1396 1030 1473 φαίνοιντο,
1046 1395 1094 1457 sat
1112 1398 1125 1457 i
1145 1396 1214 1468 λαὸς
1229 1400 1274 1457 ari·

264 1484 325 1545 riro'
335 1478 588 1562 συνεπιψηφῖζοντᾳς
602 1483 692 1553 αὐτοῖς
705 1478 751 1555 sol
764 1479 1004 1565 ἔτισφραγίξοντος
1017 1485 1065 1543 τοῦ
1078 1485 1127 1553 τῆς
1138 1481 1275 1556 Ἀλεξαν-

248 1506 335 1651 ipslas
350 1564 506 1629 ὃτισκότου.
551 1566 633 1651 Quae
651 1565 746 1627 verba
763 1566 963 1629 Sozomenus
980 1564 1021 1629 de
1041 1562 1163 1628 clericis
1183 1562 1276 1629 intel·

248 1648 337 1728 laxit,
351 1672 427 1727 cum
443 1664 550 1713 tamen
565 1650 605 1715 de
619 1649 777 1735 episeopis
790 1650 899 1736 potius
912 1648 1095 1736 accipienda
1108 1670 1178 1713 esse
1192 1648 1277 1713 vide·

248 1750 353 1800 antur.
395 1737 482 1801 Nam
497 1755 570 1799 cum
587 1748 691 1821 patres
714 1735 828 1821 synodi
850 1735 993 1799 Nicaenae
1008 1733 1279 1819 contemplatione

248 1820 335 1905 pacis
351 1819 545 1896 statuissent,
560 1837 596 1884 ut
617 1820 758 1904 episcopi
780 1843 799 1883 a
823 1820 958 1885 Meletio
974 1819 1179 1884 schismatico
1192 1817 1278 1883 ordi·

249 1905 315 1970 uati
333 1906 365 1971 in
386 1927 445 1970 suo
461 1904 565 1990 gradu
579 1917 787 1982 remanerent,
802 1904 857 1969 sed
872 1907 940 1969 sine
954 1905 1019 1969 ulla
1033 1904 1195 1968 functione
1209 1903 1278 1990 ess-

249 1991 384 2077 scopalis
407 1990 520 2055 officii:
547 2013 631 2055 nunc
657 1990 858 2089 praecipiunt,
881 2004 917 2054 ut
940 1990 966 2053 si
991 1990 1074 2053 forte
1099 1988 1278 2053 catholicus

248 2076 417 2162 episcopus
438 2077 479 2141 ab
501 2075 722 2141 Alexandrinae
744 2075 830 2139 urbis
850 2076 1003 2161 episcopo
1023 2074 1187 2145 ordinatus
1207 2074 1277 2139 obi·

248 2162 319 2237 erit,
330 2177 400 2225 turn
414 2158 608 2226 Meletianus
620 2162 674 2247 qui
688 2183 707 2225 a
719 2160 844 2247 synodo
858 2160 918 2225 sub
932 2182 970 2223 ea
984 2158 1168 2224 conditione
1180 2181 1278 2244 quam

248 2244 314 2311 dixi
332 2261 498 2332 susceptus
518 2260 577 2323 est,
597 2246 628 2309 in
648 2245 756 2309 locum
779 2246 898 2310 mortui
919 2245 1080 2323 succedat,
1100 2242 1279 2309 dummodo

249 2331 341 2417 plebs
355 2352 429 2395 eum
445 2330 590 2415 elegerit,
605 2346 637 2393 et
652 2351 669 2393 e
694 2330 822 2416 iscopus
835 2330 1068 2395 Alexandrinus
1086 2329 1279 2395 electionem

248 2415 318 2502 ejus
336 2415 577 2479 confirmaverit.
619 2353 731 2481 sedet
744 2439 782 2479 ex
796 2416 865 2480 aliis
878 2415 958 2479 locis
971 2415 1115 2479 e'usdcm
1133 2414 1279 2512 epistolar

249 2501 326 2565 satis
347 2500 522 2586 colligitur,
545 2501 755 2563 necessarium
779 2501 876 2565 fuisse
900 2499 1010 2586 popui
1035 2500 1112 2564 suffr
1168 2522 1224 2563 um
1245 2499 1278 2563 in

251 2586 448 2650 ordinatione
461 2585 660 2649 clericorum.
682 2587 802 2650 Vetant
816 2587 899 2649 enim
913 2586 1024 2649 eadem
1037 2585 1141 2670 episto
1186 2606 1278 2649 sanc-

249 2671 363 2751 tissimi
384 2686 501 2768 patres,
523 2676 562 2734 ne
582 2692 600 2732 e
623 2671 739 2756 iscopis
758 2671 812 2757 qui
838 2669 972 2735 Meletio
992 2669 1204 2747 adheserant,
1224 2671 1279 2757 jus

249 2755 360 2854 fasque
374 2769 414 2819 srt
428 2692 624 2841 proponendi
639 2757 769 2820 nomina
781 2778 893 2820 eorum
910 2755 966 2841 qui
987 2754 1027 2818 ad
1047 2755 1279 2819 ecclesiasticos

250 2841 377 2905 ordines
403 2858 476 2906 sunt
499 2841 725 2927 promovendi:
756 2842 813 2905 sed
839 2841 915 2905 solis
941 2840 1108 2904 catholicae
1134 2839 1279 2905 ecclesie

250 2925 406 3011 episcopis
426 2925 481 3012 qui
502 2927 542 2989 ab
562 2926 649 2989 ornni
672 2926 842 2990 schismate
864 2925 979 3011 integri
994 2947 1119 3009 semper
1133 2924 1280 3002 fuissent,

179 3008 184 3014 ’
250 3009 329 3078 illud
344 3023 525 3094 competere
541 3012 757 3094 pronuntiant.
798 3006 964 3075 Pontifices
979 3010 1095 3108 quippe
1110 3009 1278 3073 annuntia-

250 3096 328 3159 bant
342 3094 463 3179 populo
478 3096 607 3159 uomina
625 3117 736 3161 eorum
756 3096 811 3180 qui
830 3094 997 3158 ordinandi
1017 3108 1122 3159 esseut
1180 3096 1238 3159 osb
1263 3132 1279 3155 a

250 3181 308 3244 teri
330 3180 378 3244 vel
398 3181 534 3259 diaconi,
548 3194 585 3245 ut
604 3181 631 3244 si
650 3179 722 3266 quis
744 3180 826 3244 forte
846 3179 978 3243 haberet
992 3179 1078 3265 quod
1097 3116 1230 3243 ordihan
1254 3178 1280 3243 's

250 3265 414 3352 objiceret,
438 3265 515 3329 illud
541 3265 645 3351 palam
668 3279 848 3341 testaretur,
871 3265 953 3329 sicut
975 3264 1092 3349 legitur
1116 3264 1149 3327 in
1173 3285 1279 3329 sacra·

251 3351 406 3415 mentario
429 3351 580 3436 Gregorii
601 3349 720 3434 magni.
765 3351 872 3437 Quam
895 3349 925 3413 in
949 3372 1016 3413 rem
1039 3349 1209 3433 singularis
1229 3362 1281 3415 est

251 3434 341 3503 locus
362 3437 399 3499 B.
415 3434 641 3521 Chrysostomi
662 3435 693 3497 in
718 3435 860 3499 Humilia
878 3448 924 3498 18.
943 3435 977 3497 in
998 3433 1173 3519 Epistolam
1188 3448 1219 3497 2.
1238 3432 1283 3499 ad
1307 3512 1310 3517 1

159 3516 163 3523 ’
253 3519 450 3583 Corinthios.
492 3520 592 3596 Audi,
619 3519 733 3604 inquit,
757 3519 1029 3604 quemadmodum
1055 3518 1281 3604 apostolorum

251 3618 409 3688 tempore,
430 3603 490 3688 ipsi
510 3626 649 3689 persaepe
670 3627 726 3668 eos
748 3605 863 3689 quibus
886 3616 1050 3689 praeerant,
1070 3604 1281 3671 corrsiliorum

252 3711 381 3752 suorum
396 3690 501 3753 socios
514 3688 718 3753 adhibebant.
750 3691 835 3753 Nam
851 3704 973 3753 etcum
988 3703 1110 3773 septem
1125 3687 1283 3757 diaconos

209 3785 215 3797 ¹
250 3786 403 3852 crearent,
419 3774 457 3836 ad
478 3774 604 3859 plebem
627 3773 714 3858 prius
735 3775 929 3838 retulerunt:
953 3788 1080 3837 etcum
1103 3772 1284 3839 Matthism

252 3858 418 3944 eligerent,
430 3857 469 3921 de
482 3882 520 3923 ea
534 3880 567 3921 re
581 3881 655 3922 curn
670 3859 818 3923 omnibus
833 3858 888 3945 qui
902 3871 978 3922 tunc
997 3857 1128 3923 aderant
1145 3872 1212 3927 tam
1226 3855 1283 3923 ¹ri·

252 3944 295 4007 ris
316 3964 413 4028 quam
434 3944 621 4009 mulieribus
645 3945 754 4007 Petrus
776 3943 917 4028 agitavit.
970 3945 1087 4029 Neque
1107 3941 1195 4007 enim
1214 3943 1286 4009 hoe

250 4028 431 4113 imperium,
456 4030 489 4093 in
514 4026 749 4114 praesidentium
776 4029 860 4091 fastu
882 4042 917 4091 et
943 4026 1137 4113 arrogantia,
1163 4048 1223 4093 nec
1248 4028 1286 4097 itt

251 4112 483 4200 subjacentium
498 4113 602 4179 servili
617 4114 754 4200 quadam
769 4112 959 4177 demissione
974 4110 1131 4191 consistit,
1141 4111 1199 4177 sed
1214 4135 1232 4179 s
1256 4114 1284 4169 ‘-

250 4198 364 4265 rituale
376 4212 447 4265 est:
460 4199 523 4265 hoc
536 4199 697 4286 praecipue
711 4197 881 4277 excellens,
893 4197 980 4284 quod
994 4219 1055 4284 pro
1067 4209 1180 4263 vanas
1194 4134 1284 4269 seht-
