2678 4756
154 278 218 355 tta
494 264 861 339 Auuornrrones

150 438 235 511 ferre
249 439 336 505 lieet.
372 436 476 505 Quod
489 438 674 526 quicunque
687 440 812 521 fecerit,
828 439 985 529 majorem
1000 442 1153 528 profecto
1168 444 1199 510 h·

153 524 227 590 dem
244 527 286 591 ab
300 546 413 591 eorum
430 524 605 611 interprete
620 527 737 593 merito
751 528 903 614 requiret.
941 526 1085 593 Tantum
1101 529 1200 611 abest,

152 626 192 677 ut
205 632 277 677 vere
291 610 378 676 dieat
392 610 433 676 de
448 610 530 677 locis
545 611 675 698 quidem
697 613 741 678 ad
761 614 795 681 S.
808 612 1001 696 Tr'nritatem
1026 636 1043 681 s
1176 617 1200 668 '-

149 694 215 767 bus
242 696 433 763 Gallandius
459 695 678 783 Ptolegomm.
697 699 740 763 ad
761 715 843 764 tom.
863 698 904 764 iv.
923 696 1012 763 Bitl.
1035 627 1199 788 PPmpmi.

153 788 176 823 “
190 806 229 848 er
251 781 374 849 laciniis
390 782 515 847 Graecis
530 783 735 869 origenianis
756 785 822 850 suis
844 784 1030 872 quibusque
1050 785 1136 851 locis
1155 787 1201 853 in-

152 875 175 908 “
192 869 287 933 textis
305 868 347 933 de
365 867 495 954 reliquis
512 868 611 933 etiam
627 870 684 935 ubi
699 892 771 937 esse
784 871 902 950 desint,
917 870 1104 957 interpretis
1123 873 1199 956 (Ru-

62 986 71 997 ’
149 960 175 1033 .“
189 954 258 1037 fini)
277 954 372 1019 fidem
388 954 527 1019 fulciri.’'
563 955 650 1019 Mihi
673 956 775 1042 igitur
791 956 863 1023 haec
877 955 989 1021 omnia
1001 955 1117 1021 animo
1130 978 1201 1045 per.

150 1040 306 1127 pendenti
321 1040 492 1105 incertiora
506 1039 652 1107 videntur
666 1063 717 1121 ea,
732 1065 806 1129 quae
821 1042 863 1109 de
876 1044 911 1107 S.
922 1041 1041 1113 Triede
1053 1042 1089 1109 in
1104 1043 1199 1109 inter·

148 1126 331 1213 pretatione
350 1138 461 1191 extant
484 1125 602 1206 Rufini,
617 1149 714 1213 quam
731 1143 768 1193 ut
782 1150 841 1215 pro
855 1128 936 1193 veris
949 1139 1052 1214 atque
1069 1126 1199 1195 indubi-

150 1213 227 1277 tatis
241 1227 336 1277 rectae
351 1211 423 1276 fidei
440 1226 497 1275 aut
511 1211 663 1298 Origenis
682 1226 740 1279 aut
763 1213 920 1302 Pamphili
941 1212 1141 1281 testimoniis
1155 1216 1199 1281 af·

148 1298 223 1362 ferri
237 1299 392 1375 debeant;
407 1296 467 1362 nisi
480 1298 506 1361 si
518 1296 580 1362 alia
593 1310 749 1385 praeterea
762 1300 954 1367 auctoritate
962 1297 1099 1373 eosdem
1112 1299 1199 1369 locos

148 1384 208 1453 niti
228 1384 363 1470 posthac
385 1383 558 1469 probatum
579 1384 689 1449 fuerit.
735 1387 835 1465 Hinc,
853 1385 931 1472 quia
946 1384 1015 1451 fere
1030 1383 1198 1455 dimidiam

149 1484 273 1557 partem
292 1468 468 1555 Apologiae
492 1469 604 1534 eadem
626 1469 813 1536 testimonia
832 1471 977 1557 explent,
993 1482 1105 1537 totum
1120 1492 1198 1558 opus

149 1555 231 1621 mihi
255 1554 500 1641 relinquendum
524 1556 649 1633 censui,
668 1570 783 1644 utpote
804 1558 859 1644 qui
882 1554 1074 1627 certissimis
1096 1557 1198 1629 minus

149 1655 237 1707 certa
263 1640 397 1704 miscere
423 1640 554 1705 nollem.
592 1643 675 1706 “Et
701 1643 866 1729 quidem,''
891 1642 939 1707 ait
961 1640 1198 1711 eruditissimus

147 1726 203 1793 ille
220 1726 419 1805 Pearsonius,
436 1733 457 1765 “
471 1727 527 1791 ubi
548 1726 589 1791 de
610 1727 735 1792 unitate
753 1728 919 1795 Trinitatis
937 1739 995 1793 aut
1013 1727 1197 1814 aequalitate

148 1821 171 1853 “
186 1834 395 1899 personarum
427 1812 546 1898 agitur,
574 1813 691 1877 merito
717 1812 927 1883 diffidendum
953 1826 1005 1879 est
1031 1812 1197 1901 interpreti

148 1906 172 1940 “
187 1899 336 1964 Rufin0.''
356 1897 480 1965 Wadic.
493 1898 598 1996 Ignot.
611 1912 692 1984 part.
707 1900 734 1963 l.
749 1920 822 1985 cap.
833 1899 885 1964 vii.
902 1920 937 1985 p.
951 1913 1021 1963 115.
1043 1898 1112 1963 Sed
1126 1920 1197 1965 sero

146 1984 234 2051 haud
256 1984 339 2049 adeo
362 2005 574 2048 necessarrum
598 1995 668 2048 erat
688 1983 753 2049 hoc
775 2006 858 2071 opus
881 1982 1145 2072 Pamphilienum
1158 1984 1197 2050 ad

146 2071 350 2159 propositum
371 2069 604 2134 absolvendum
628 2091 751 2149 meum,
770 2091 900 2156 nempe,
921 2069 965 2142 ad
986 2068 1154 2156 reliquias,
1172 2069 1197 2137 si

141 2180 221 2244 ,quae
242 2172 454 2242 superessent,
474 2157 508 2219 S.
528 2154 687 2240 Pamphili
707 2156 920 2242 colligendas,
933 2155 1100 2225 cum-ista
1118 2176 1197 2243 pene

143 2243 258 2325 omnia
283 2244 396 2307 saltem
424 2242 467 2305 de
492 2262 582 2305 sacra
606 2240 764 2311 Trinitate
789 2241 931 2330 capitula
955 2254 1114 2328 excerpta
1136 2241 1198 2307 sint

146 2351 186 2394 ex
210 2329 363 2414 Origene,
387 2348 451 2392 non
475 2327 576 2414 ipsius
599 2326 720 2391 fuerint
740 2326 900 2413 Pamphili
923 2347 1022 2413 super
1046 2339 1196 2415 excerpts

144 2415 396 2481 observationes.
508 2487 511 2492 Ι

144 2564 149 2570 .
188 2503 261 2565 Nec
283 2492 397 2565 'tamen
424 2520 488 2585 ego
512 2499 703 2584 putaverim,
730 2498 763 2564 in
785 2496 896 2584 Apolo
921 2497 953 2562 ia
974 2495 1196 2582 Pamphilians

147 2589 321 2674 quicquam
336 2584 470 2649 omnino
492 2608 511 2648 a
532 2600 620 2649 recta
639 2584 680 2650 de
700 2585 857 2650 Trinitate
875 2518 937 2647 fide
953 2580 1136 2648 abhorrens
1150 2594 1195 2647 et·

145 2674 209 2757 iarn
226 2671 376 2758 primitus
390 2670 661 2757 comprehensum
678 2671 799 2749 fuisse3
838 2669 960 2739 uamvis
975 2667 1023 2747 id,
1038 2666 1098 2739 sed
1113 2689 1193 2754 prte-

145 2759 317 2844 cipitanter
339 2757 485 2833 fortasse,
510 2770 546 2821 ut
570 2757 791 2843 conjecturam
815 2691 895 2819 ilaeit
917 2753 1040 2825 Cellier
1056 2752 1195 2825 Histoire

142 2843 303 2909 ‚Generole
318 2842 370 2906 des
384 2844 524 2906 Anteros
540 2840 661 2920 Sueten,
675 2842 739 2907 vol.
751 2842 796 2906 iii.
813 2861 889 2926 pag.
901 2852 971 2909 444.
991 2837 1194 2911 affirmaverit

147 2931 181 2995 S.
195 2930 418 3015 Hieronymus
433 2927 465 2991 in
481 2926 628 3013 Rtfinnm
645 2927 701 2992 lib.
716 2927 871 2992 secundo.
909 2927 958 2990 Ut
975 2925 1066 2989 enirn
1090 2923 1194 2995 erudi·

146 3014 290 3081 tissimus
303 3015 418 3079 Bullus
432 3013 508 3077 loco
522 3012 568 3077 ait
587 3035 685 3099 supra
703 3024 896 3089 memorato,
911 3008 1001 3075 nulls
1016 3009 1051 3077 in
1062 3030 1107 3079 ee
1123 3008 1193 3079 Ari·

145 3125 215 3167 anae
231 3100 371 3187 perfidiae
387 3099 508 3163 notavit
522 3099 668 3179 Photius,
682 3099 739 3185 qui
755 3097 876 3184 alioqui
890 3096 924 3161 in
939 3095 1085 3161 aliorum
1094 3093 1193 3180 scrip·

145 3189 187 3253 tis
209 3188 292 3251 solet
313 3185 448 3250 minima
469 3207 606 3271 quaeque
624 3183 868 3270 reprehendere,
883 3204 958 3269 quae
979 3180 1031 3247 vel
1051 3179 1192 3266 speciem

145 3273 322 3341 Arianismi
342 3295 410 3358 prae
431 3293 466 3334 se
486 3271 616 3341 ferrent.
661 3271 761 3335 Porro
784 3269 891 3334 nullos
911 3266 992 3331 alios
1014 3264 1191 3337 erroresin

146 3384 185 3424 ea
200 3362 364 3423 invenerat
378 3355 426 3420 vel
439 3368 602 3442 carpserat
614 3356 740 3420 Auctor
757 3353 902 3455 Synodici
917 3352 1066 3417 cdnmos
1083 3348 1193 3431 Iremet'

147 3444 360 3534 Tragoediam,
378 3456 494 3528 praeter
515 3442 581 3506 duo
599 3442 657 3507 illa
680 3441 848 3507 notissima
869 3438 1029 3526 dogmata
1048 3436 1093 3509 de
1114 3458 1190 3523 prte-

146 3531 313 3597 existentia
327 3529 519 3606 animarum,
533 3542 566 3591 et
587 3526 790 3593 restitutione
810 3547 917 3597 rerum
936 3524 1090 3589 omnium
1104 3542 1189 3595 cres·

147 3630 266 3695 tatum,
280 3628 318 3680 ut
341 3614 439 3700 paulo
459 3613 543 3678 infra
562 3613 694 3677 videbis.
740 3612 838 3678 Unde
856 3611 955 3679 habes
968 3614 1018 3687 τῆς
1037 3606 1190 3695 ὀρθοδοξίιι

146 3701 357 3787 Aoologetici
377 3701 410 3764 in
433 3722 468 3763 re
488 3699 634 3773 omnium
656 3698 844 3784 gravissima
865 3696 1013 3774 tacitum,
1028 3709 1070 3759 ut
1087 3694 1135 3762 ite
1147 3690 1191 3759 lo·

171 3811 236 3861 aar,
250 3785 470 3851 testimonium
487 3808 592 3871 neque
606 3782 889 3862 contemnendum,
901 3780 977 3868 quia
990 3778 1143 3867 alioquin
1155 3774 1192 3843 ab

145 3810 204 3941 illo
219 3888 350 3939 anctore
369 3873 433 3934 hoc
452 3872 582 3935 nomine
601 3891 685 3955 opus
703 3885 788 3935 esset
808 3867 1052 3956 reprehensum.
1099 3860 1190 3937 Anti·

169 3972 237 4024 ater
256 3958 386 4044 quidetn
407 3958 597 4034 Hennensis,
612 3970 650 4020 ut
664 3967 777 4040 postea
791 3974 921 4042 quoque
937 3948 1078 4040 patebit,
1095 3952 1189 4019 Euse-

144 3980 237 4110 hiunt
253 4066 446 4130 oppugnans
461 4043 620 4108 diversum
635 4041 726 4127 quid,
737 4040 841 4105 immo
852 4035 1066 4116 contrarium,
1079 4034 1123 4101 de
1133 4034 1188 4099 tos

146 4132 266 4201 scrinto
287 4129 404 4209 innuit,
422 4129 479 4192 sed
500 4129 567 4192 sine
590 4127 708 4192 idonea
726 4147 834 4206 causa,
848 4123 939 4214 quod
955 4145 998 4189 ex
1016 4140 1188 4210 argumen-

144 4217 187 4283 tis
206 4239 304 4304 supra
325 4215 432 4294 allatis
453 4213 663 4289 verisimiliter
680 4212 836 4300 colligere
852 4223 914 4283 est.
958 4210 1064 4277 Porro
1078 4204 1186 4279 ortho-
