2678 4756
408 305 1009 405 nomenclaturam.
1186 310 1229 398 ⁸9

175 467 268 566 -pleti
281 478 375 545 variis
387 478 508 568 linguis
520 479 632 546 Deum
646 462 884 558 benedicerent,
896 479 1105 547 nihilominus
1119 492 1228 547 tamen

186 587 320 681 beatum
334 588 517 676 apostolum
538 591 668 656 Petrum
684 589 781 656 divini
797 590 947 677 praecepti
962 602 1060 678 atque
1072 589 1230 678 euangelii

186 716 366 763 memorem
383 697 574 786 praeeepisse
589 713 627 765 ut
644 699 884 786 baptizarentur
902 700 999 765 iidem
1018 700 1066 766 illi
1085 701 1140 788 qui
1157 700 1229 790 jam

186 805 316 872 fuerant
329 820 442 873 sancto
457 808 571 894 spiritu
584 809 682 895 pleni,
696 822 733 873 ut
748 809 827 874 nihil
841 810 1090 895 praetermissum
1106 809 1229 874 videre-

158 925 241 984 stur
256 939 323 1003 quo
339 917 445 983 minus
465 940 523 1006 per
544 919 652 984 omnia
670 919 767 984 divini
786 919 937 1018 praecepti
956 933 1052 1006 atque
1073 919 1231 1006 evangelii

185 1025 296 1112 legem
317 1028 494 1116 apostolica
515 1029 702 1117 magisteria
723 1040 892 1094 servarent.
944 1010 1147 1115 Baptismum
1170 1051 1230 1095 au·

186 1147 256 1200 tem
276 1158 342 1201 non
364 1156 513 1225 essequo
532 1137 675 1203 haeretici
693 1149 838 1216 utuntur,
853 1158 914 1201 neo
928 1159 1125 1224 quemquam
1141 1138 1229 1224 apud

185 1263 245 1308 eos
269 1245 327 1332 qui
350 1245 483 1311 Christo
509 1245 715 1311 adversantur
739 1268 797 1333 per
820 1247 959 1333 gratiam
983 1245 1106 1313 Christi
1131 1268 1229 1333 posse

184 1353 340 1439 proficere
360 1354 531 1441 diligenter
550 1378 653 1443 nuper
671 1377 856 1443 expressum
878 1356 979 1420 estin
999 1355 1137 1443 epistole
1155 1368 1231 1444 quae'

133 1462 229 1526 load
243 1463 402 1550 Quintum
418 1465 580 1552 collegam
595 1477 741 1530 nostrum
757 1464 789 1529 in
805 1464 1002 1530 Mauritania
1016 1465 1228 1532 constitutum

185 1593 285 1659 super
298 1594 336 1637 ea
349 1594 383 1638 re
398 1574 516 1661 scripta
530 1587 590 1654 est,
606 1575 685 1639 item
701 1574 735 1638 in
749 1574 863 1638 litteris
877 1596 958 1662 quas
974 1574 1111 1661 collegae
1128 1573 1229 1640 nostri

185 1681 229 1746 ad
253 1682 464 1771 coepiscopos
488 1685 520 1749 iu
545 1685 704 1750 Numidia
729 1684 936 1770 praesidentes
960 1697 1034 1749 ante
1060 1685 1228 1767 fecerunt}

184 1791 281 1877 cujus
301 1793 468 1880 utriusque
489 1792 634 1880 epistolae
656 1795 803 1881 exempla
822 1792 991 1858 subdimus
1013 1794 1078 1859 hic.
1120 1792 1229 1861 Addi-

183 1921 260 1964 mus
283 1900 377 1987 plane
399 1914 432 1964 et
453 1900 673 1989 adjungimus,
696 1903 792 1966 frater
817 1902 991 1982 carissime,
1013 1922 1171 1967 consensu
1195 1915 1230 1968 et

131 2010 377 2075 '15auctoritate
391 2010 571 2090 communi,
587 2025 624 2075 ut
638 2012 735 2075 etiam
757 2011 783 2074 si
804 2012 860 2098 qui
879 2011 1061 2098 presbyteri
1080 2024 1137 2076 aut
1158 2011 1229 2077 dia·

183 2118 273 2197 coni,
289 2121 344 2206 qui
359 2120 407 2183 vel
422 2121 454 2185 in
471 2120 605 2184 ecclesia
619 2121 778 2187 catholica
795 2122 882 2207 prius
898 2120 1034 2186 ordinati
1049 2122 1178 2203 fuerint,
1195 2134 1228 2187 et

182 2228 396 2315 postmodum
414 2229 528 2316 perfidi
548 2252 585 2294 ac
608 2230 741 2295 rebelles
755 2233 868 2295 contra
882 2230 1050 2295 ecclesiam
1067 2231 1226 2313 steterint,

182 2336 234 2402 vel
255 2337 341 2424 apud
362 2339 531 2403 haereticos
551 2361 569 2404 a
590 2339 877 2427 pseudoepiscopis
891 2352 924 2404 et
938 2339 1137 2405 antichristis
1148 2363 1227 2406 eon·-

183 2457 235 2511 tra
259 2447 381 2513 Christi
402 2447 647 2534 dispositionem
668 2448 834 2535 prophana
859 2449 1060 2514 ordinatione
1085 2450 1229 2535 promoti

131 2555 261 2635 wsint,
276 2570 310 2622 et
330 2568 442 2622 contra
461 2557 560 2622 altare
579 2580 680 2622 unum
702 2565 798 2644 atque
819 2557 960 2622 divinum
982 2559 1135 2623 sacrificia
1149 2558 1229 2628 fon‘s

178 2665 267 2731 falsa
286 2686 325 2730 ac
346 2665 503 2753 sacrilega
517 2667 630 2732 offerre
644 2667 753 2730 conati
768 2666 842 2745 sint,
857 2687 912 2731 eos
928 2689 1057 2753 quoque
1072 2666 1132 2732 hac
1147 2690 1227 2733 con·

181 2773 308 2840 ditione
329 2776 448 2861 suscipi
469 2797 546 2841 curn
566 2788 767 2840 revertuntur
782 2790 820 2840 ut
834 2778 1076 2841 communicent
1092 2777 1177 2858 laici,
1191 2790 1227 2843 et

168 2883 263 2949 -satis
276 2877 417 2949 habeant
431 2885 520 2972 quod
536 2883 753 2953 admittuntur
766 2883 808 2948 ad
827 2907 940 2972 pacem
961 2886 1018 2971 qui
1037 2885 1147 2957 hostes
1166 2890 1225 2973 pa-

169 2992 229 3058 ·cis
245 2994 418 3072 extiterint,
433 3016 491 3058 nec
506 2994 624 3058 debere
639 3016 695 3057 eos
710 3007 903 3059 revertentes
925 3017 963 3058 ea
984 2993 1070 3081 apud
1091 3017 1160 3062 nos.
1171 3017 1226 3060 ors

126 3122 168 3173 25
180 3103 356 3168 dinationis
371 3117 405 3168 et
421 3104 552 3168 honoris
572 3125 662 3168 arma
682 3105 816 3167 retinere
831 3103 948 3190 quibus
964 3118 1077 3169 contra
1094 3125 1154 3168 nos
1174 3125 1227 3173 re·

181 3213 382 3279 bellaverint.
426 3215 564 3300 Oportet
579 3216 665 3278 enim
681 3214 863 3279 sacerdotes
878 3226 911 3278 et
926 3215 1090 3279 ministros
1105 3214 1160 3301 qui
1176 3214 1225 3280 al·

179 3323 243 3387 tari
266 3335 300 3387 et
324 3324 485 3388 sacrificiis
509 3324 690 3389 deserviunt
712 3327 856 3412 integros
879 3340 976 3412 atque
998 3323 1225 3393 immaculatos

179 3453 265 3511 esse,
281 3455 358 3496 cum
380 3434 542 3497 Dominus
564 3434 654 3498 Deus
677 3435 709 3497 in
732 3433 875 3498 Levitico
895 3432 1048 3520 loquatur
1060 3434 1094 3500 et
1113 3435 1224 3503 dicat-t

178 3541 304 3606 ⁸Homo
327 3542 360 3606 irz
381 3564 441 3628 qao
452 3542 561 3628 faerit
582 3542 707 3606 maalle
724 3554 754 3606 et
774 3543 886 3607 vitiam
901 3566 961 3607 non
976 3543 1225 3630 accedetofferre

126 3651 263 3716 eodone
277 3652 356 3715 Deo.
403 3654 486 3716 Item
502 3653 534 3715 in
549 3652 664 3714 Exodo
679 3651 748 3715 haee
763 3652 876 3717 eadem
891 3651 1057 3738 praecipiat
1070 3665 1103 3718 et
1117 3653 1223 3720 dicat:

178 3761 245 3825 tEt
260 3762 431 3826 sacerdotes
446 3763 501 3850 qui
516 3764 663 3827 accedunt
678 3764 720 3828 ad
731 3765 901 3828 Dominum
911 3766 1016 3829 Deum
1028 3766 1222 3854 saactfficea·

178 3883 244 3950 tur,
260 3895 298 3936 na
308 3871 401 3958 forte
421 3873 617 3960 derelinquat
635 3873 706 3939 illos
722 3875 888 3940 Dominus.
931 3878 974 3940 Et
988 3877 1125 3943 iterum:
1148 3878 1224 3944 uEt

178 4003 250 4045 cam
265 3981 414 4046 accedant
433 3982 613 4048 ministrare
633 3984 676 4048 ad
695 3983 798 4049 altare
817 3985 930 4068 sancti,
945 4007 1006 4050 noa
1022 3986 1175 4052 adducent
1189 3986 1223 4052 ia

221 4218 233 4244 ⁰
248 4210 324 4258 levit.
336 4211 388 4262 xxi.
400 4221 440 4260 αι.
569 4213 577 4244 ¹
596 4213 674 4262 Exod.
685 4215 736 4262 xix.
749 4224 791 4264 aa.
920 4219 932 4247 ¹¹
949 4215 1026 4265 Exod.
1037 4212 1122 4265 xxviii.
1133 4224 1175 4266 ts.
