2678 4756
279 265 498 334 CONCIL.
526 263 793 333 CARTHAG.
819 264 899 329 Vll.
1051 282 1110 350 103

60 435 136 511 dam
151 457 215 502 non
228 437 423 505 erubescunt
438 437 617 502 Marcionis
632 435 829 522 baptismum
845 433 991 521 probare.
1014 433 1108 520 Quo·

60 545 164 611 modo
187 547 267 612 tales
289 530 472 613 sacerdotes
497 544 713 612 sacerdotium
737 546 802 609 Dei
825 556 883 608 aut
906 556 1031 607 servant
1053 553 1110 606 aut

60 654 224 720 vindicant
235 649 294 742 ¹qui
316 656 427 723 hostes
450 656 515 721 Dei
536 678 602 720 non
624 655 802 740 baptizant,
819 665 852 716 et
874 652 919 716 sic
938 650 1001 715 illis
1017 672 1108 716 com·

62 763 252 828 municant?

36 884 54 934 ⁵
109 873 286 937 Marcellus
308 854 449 937 a‘Zama
470 873 560 939 dixit.
598 873 684 938 Cum
701 883 835 958 peecata
849 893 915 935 non
930 869 992 934 nisi
1006 867 1111 933 eccle·

64 980 122 1047 siae
148 980 312 1068 baptismo
338 983 554 1063 remittantur,
580 984 636 1069 qui
661 982 850 1046 haereticum
877 1003 942 1046 non
967 978 1113 1066 baptizat

64 1090 231 1177 peccatori
245 1091 477 1155 communicat.
866 1075 869 1080 ¹

110 1199 256 1322 Irensffs
280 1200 322 1264 ab
347 1199 456 1266 Ululis
482 1199 573 1265 dixit.
611 1198 645 1263 Si
667 1198 741 1262 ideo
766 1197 902 1262 ecclesia
923 1195 1112 1263 haereticum

66 1330 134 1372 non
157 1307 303 1394 baptrzat
328 1308 416 1395 quod
437 1308 562 1374 dicatur
583 1306 653 1395 jam
676 1308 859 1394 baptizatus
881 1328 961 1387 esse,
984 1304 1115 1370 haeresis

20 1431 58 1482 ιο
66 1401 174 1504 major
189 1430 250 1482 est.

111 1527 264 1591 Donatus
289 1550 309 1590 a
334 1514 503 1593 Cibali'ana
528 1529 619 1593 dixit.
663 1529 737 1614 Ego
764 1550 861 1593 unam
890 1526 1059 1592 ecclesiam
1083 1536 1117 1590 et

67 1658 172 1701 unum
186 1636 348 1722 baptisma
362 1637 434 1724 ejus
450 1638 534 1701 novi.
572 1637 607 1701 Si
621 1650 671 1701 est
685 1636 740 1723 qui
759 1637 846 1702 dicat
861 1658 930 1702 esse
945 1636 1033 1723 apud
1048 1635 1116 1698 hae·

68 1745 188 1809 reticos
211 1746 363 1832 baptismi
384 1748 534 1834 gratiam,
550 1760 624 1811 ante
643 1759 692 1810 est
712 1759 749 1811 ut
772 1746 921 1812 ostendat
943 1759 975 1811 et
1002 1746 1119 1832 probet

69 1876 142 1919 esse
157 1855 224 1919 illic
238 1856 417 1921 ecclesiam.

20 1976 60 2027 15
117 1963 269 2029 Zosimus
291 1988 311 2029 a
331 1966 489 2030 Tharassa
510 1966 601 2030 dixit.
639 1964 844 2030 Revelatione
862 1965 950 2028 facta
966 1962 1119 2041 veritatis,

71 2072 170 2143 cedat
188 2095 276 2138 error
296 2075 442 2154 veritati,
466 2072 568 2162 'xquia
583 2089 616 2139 et
630 2075 755 2154 PetruS,
771 2075 828 2160 qui
842 2074 931 2160 prius
948 2071 1120 2138 circumci-

71 2180 184 2271 debat,
200 2182 295 2247 cessit
311 2183 410 2248 Paulo
425 2184 590 2249 veritatem
605 2183 805 2271 praedicanti.

118 2290 267 2359 Julianus
288 2293 464 2377 aTelepte
485 2277 576 2384 dixit.
613 2292 862 2378 scriptumest:
883 2291 1006 2356 rNemo
1020 2297 1124 2376 potest

74 2398 202 2487 aliquid
215 2400 362 2485 accipere,
377 2400 439 2464 nisi
453 2399 562 2464 dotum
570 2400 677 2487 fuerit
693 2400 744 2464 itti
758 2399 796 2465 da
811 2399 898 2464 coelo.
943 2399 977 2465 Si
991 2396 1123 2493 haeresis

22 2530 67 2583 20
75 2509 118 2574 de
133 2510 214 2575 caelo
229 2524 289 2590 est,
304 2521 411 2595 potest
425 2523 457 2574 et
473 2510 635 2595 baptisma
651 2511 738 2574 dare.
1049 2490 1051 2494 ,

43 2679 47 2685 .
122 2620 258 2684 Faustus
271 2641 291 2684 a
304 2618 433 2684 Timida.
446 2619 535 2704 regia
549 2619 640 2683 dixit.
678 2620 758 2683 Non
773 2617 834 2682 sibi
848 2614 1054 2682 blandiantur
1068 2614 1125 2702 qui

76 2726 238 2792 haercticis
254 2728 507 2814 patrocinantur.
531 2724 620 2816 'Qui
667 2748 702 2791 ro
722 2726 883 2792 haereticis
907 2725 1132 2802 ecclesiastico¹

76 2835 267 2921 baptismati
290 2836 469 2914 intercedit,
496 2835 569 2900 illos
594 2858 612 2900 c
681 2835 785 2900 tianos
812 2847 846 2900 et
871 2858 930 2901 uos
954 2833 1125 2899 haereticos

77 2945 169 3011 facit.
455 2935 458 2940 ’
1118 2938 1122 2943 ’

10 3072 68 3136 ‚25
123 3055 292 3120 Geminius
307 3078 326 3119 a
341 3058 456 3121 Furnis
472 3056 563 3121 dixit.
597 3054 742 3143 Quidam
754 3054 794 3120 de
807 3054 942 3142 collegis
955 3052 1126 3119 haereticos

77 3186 267 3252 praeponere
283 3165 343 3229 sibi
359 3180 505 3251 possunt,
521 3165 614 3230 nobis
630 3189 695 3229 non
709 3178 856 3251 possunt.
889 3167 932 3229 Et
945 3162 1020 3228 ideo
1037 3159 1128 3249 quod

78 3250 183 3339 semel
197 3273 396 3339 decrevimus
412 3289 572 3354 tenemus,
587 3287 624 3340 ut
639 3275 681 3340 ab
695 3273 855 3338 haereticis
870 3273 1031 3340 venientes
1046 3272 1129 3356 bap-

78 3383 232 3448 tizemus.
1112 3452 1118 3459 ‚

124 3492 326 3577 Rogatianus
342 3514 361 3556 a
375 3494 471 3557 Nova
486 3493 576 3557 dixit.
612 3492 790 3556 Ecclesiam
807 3490 956 3556 Christus
977 3488 1129 3567 instituit,

30 3600 232 3674 aohaercsim
255 3600 415 3666 diabolus.
460 3602 639 3690 Quomodo
661 3615 769 3690 potest
790 3603 910 3666 habere
931 3601 1129 3687 baptismum

71 3710 209 3800 ¹Christi
224 3733 396 3798 synagoga
411 3714 553 3792 satanae?

126 3819 307 3905 Therapius
329 3843 348 3883 a
369 3820 465 3885 Bulla
486 3821 577 3885 dixit.
616 3821 684 3907 Qui
706 3820 864 3885 haereticis
885 3796 1029 3885 ecclesiae
1051 3819 1131 3904 bap·
1240 3834 1247 3843 ‘

82 3928 181 3996 tisma
201 3928 350 3994 concedit
370 3942 403 3994 et
421 3929 539 4017 prodit,
560 3928 639 4016 quid
659 3928 748 3994 aliud
769 3951 866 4016 quam
883 3930 985 3995 Judas
1005 3947 1132 4016 sponsae

83 4039 208 4106 Christi
224 4037 352 4103 existit?

273 4203 297 4231 ·¹
315 4199 370 4249 Gal.
381 4200 470 4263 capii.
738 4201 751 4239 Υ
768 4196 839 4245 Joan.
851 4197 885 4244 iii.
899 4205 939 4252 27.
1024 4235 1030 4243 .

580 4281 606 4325 H
618 4272 639 4325 4
1030 4270 1034 4275 ’
