2678 4756
230 324 275 395 92
500 307 778 399 nnnrourn
807 300 1005 381 saenis:

232 476 298 543 alio
321 497 386 543 non
408 478 512 566 possit
531 502 629 568 quam
652 500 711 544 nec
732 478 802 566 ipse
828 493 938 567 potest
957 480 1094 547 alterum
1113 479 1278 569 judicare.

231 585 298 650 Sed
322 600 529 674 expectemus
555 588 693 654 universi
715 586 879 675 judicium
907 589 1042 656 Domini
1067 590 1171 656 nostri
1186 591 1276 656 Jesu

231 692 366 779 Christi,
379 697 435 784 qui
452 721 536 763 unus
549 711 582 762 et
596 698 683 762 solus
695 697 795 762 habet
807 711 1003 783 potestatem
1017 711 1052 764 et
1063 697 1277 786 preponcndi

230 822 290 869 nos
305 805 338 869 in
353 806 497 872 ecclesiae
514 829 580 872 suae
594 806 829 894 gubernatione
845 820 880 872 et
898 807 939 872 de
956 820 1033 873 actu
1051 821 1163 874 nostro
1179 807 1274 896 judi-

227 913 334 979 candi.
1281 930 1302 984 a

274 1022 428 1089 Caecilius
441 1045 461 1089 a
475 1022 561 1089 Biltn
575 1022 667 1088 dixit.
710 1025 785 1109 Ego
798 1045 900 1088 unum
917 1023 1078 1111 baptisma
1090 1023 1124 1090 in
1135 1023 1276 1090 ccclesia

229 1134 337 1200 solum
360 1136 440 1215 scio,
462 1148 495 1201 et
519 1149 610 1201 extra
631 1135 799 1201 ecclesiam
822 1137 960 1203 nullum.
1003 1137 1070 1203 Hic
1088 1138 1150 1202 crit
1169 1158 1273 1204 unum

226 1247 285 1313 nbi
299 1269 373 1334 spes
387 1262 523 1314 veraest
543 1262 577 1315 et
593 1249 672 1314 fides
692 1262 791 1315 certa.
837 1249 891 1315 Sic
913 1251 999 1315 enirn
1019 1251 1177 1338 scriptum
1199 1262 1271 1317 est:

227 1367 244 1404 ¹
258 1358 328 1426 Una
331 1357 429 1444 fides,
440 1380 505 1424 nna
519 1374 598 1444 spes,
611 1381 709 1424 unum
724 1357 890 1444 baptismo,
906 1380 970 1425 non
985 1359 1072 1447 apud
1085 1359 1272 1440 hereticos,

228 1470 287 1535 ubi
309 1493 383 1557 spes
404 1471 493 1537 nulla
513 1486 561 1537 est
583 1485 617 1536 et
640 1472 717 1538 fides
739 1472 831 1552 falsa,
852 1472 909 1537 ubi
930 1475 1040 1539 omnia
1060 1495 1117 1561 pcr
1137 1474 1318 1540 menda-10

227 1578 317 1645 cium
337 1595 505 1666 geruntur,
526 1580 583 1645 ubi
602 1580 764 1646 exorcizat
784 1579 1015 1661 daemoniacus,
1034 1595 1272 1647 sacramentum

227 1689 418 1776 interrogat,
448 1691 542 1777 cujus
577 1712 615 1755 os
650 1706 684 1756 et
711 1690 807 1756 verba
838 1713 954 1757 cancer
983 1691 1148 1773 emittunt,
1175 1678 1274 1758 fidem

227 1801 285 1867 dat
304 1801 454 1882 infidelis,
475 1803 600 1868 veniam
624 1803 816 1869 delictorum
839 1803 953 1869 tribuit
974 1803 1161 1883 sceleratus,
1183 1816 1218 1869 et
1240 1804 1274 1870 in

218 1911 358 1977 'nomine
375 1910 497 1976 Christi
512 1912 610 1999 tingit
625 1911 844 1992 antichristus,
859 1912 1019 1978 benedicit
1034 1933 1053 1976 a
1072 1913 1149 1978 Deo
1169 1913 1274 1978 malc-

226 2018 345 2101 dictus,
360 2022 457 2088 vitam
476 2023 650 2110 pollicetur
669 2035 959 2108 mortuus,.pacem
981 2021 1037 2086 dat
1059 2022 1273 2108 impacificus,
1283 2040 1317 2092 13

224 2130 337 2199 Deum
352 2131 479 2197 invocat
495 2132 715 2218 blasphemus,
731 2130 947 2196 sacerdotium
969 2130 1172 2196 administrat
1191 2154 1272 2220 pro·

225 2245 363 2334 phanus,
379 2246 472 2332 ponit
493 2246 591 2310 altare
613 2246 800 2331 sacrilegus.
845 2244 899 2308 Ad
921 2244 993 2309 haec
1014 2244 1124 2310 omnin
1145 2242 1274 2310 amhn

225 2366 259 2418 et
273 2353 355 2419 illud
370 2353 506 2432 malum,
522 2366 560 2417 ut
574 2353 732 2418 antistites
749 2352 870 2418 diaboli
885 2354 1025 2418 audeant
1042 2352 1272 2418 eucharistiam

224 2460 348 2541 facerc3
366 2475 423 2526 aut
437 2462 493 2548 qui
511 2463 573 2526 illis
592 2462 743 2527 assistunt
759 2462 867 2527 dicant
888 2462 960 2527 haec
980 2463 1090 2528 omnia
1104 2461 1188 2526 falsa
1202 2483 1274 2528 esse

224 2569 266 2634 de
280 2570 449 2635 haereticis.
493 2573 580 2636 Ecce
595 2571 636 2636 ad
656 2572 761 2658 qualia
781 2572 911 2657 cogitur
930 2570 1065 2637 ecclesia
1078 2571 1319 2653 consentinam

225 2691 259 2744 et
281 2680 349 2744 sine
371 2681 533 2767 baptismo
553 2704 588 2746 ac
604 2683 694 2746 venia
714 2681 906 2746 delictorum
921 2681 1162 2747 communicare
1176 2704 1272 2748 com·

224 2790 365 2878 pellitur.
410 2793 517 2877 Quam
534 2813 614 2870 rem,
629 2791 755 2870 fratres,
772 2790 885 2875 fugere
900 2813 938 2855 ac
952 2791 1049 2854 vitare
1063 2789 1224 2856 debemus
1239 2802 1274 2856 ot

175 2942 180 2950 =
223 2919 245 2965 a
268 2912 359 2964 tanto
384 2899 502 2964 scelere
525 2922 583 2963 nos
606 2920 763 2985 separare,
785 2911 819 2962 ct
840 2921 939 2963 unum
963 2899 1126 2986 baptisma
1145 2910 1272 2978 tenere,

224 3009 314 3098 quod
328 3009 389 3073 soli
403 3008 548 3072 ecclesiae
563 3029 583 3070 a
597 3007 743 3071 Domino
758 3027 949 3071 concessum
964 3020 1025 3072 est.

268 3118 394 3183 Primus
408 3139 428 3182 a
442 3117 605 3204 Misgirpa
619 3116 710 3179 dixit.
749 3117 876 3181 Censeo
891 3139 1022 3181 omnem
1044 3114 1213 3181 hominem
1229 3116 1318 3190 abac

222 3227 338 3293 haeresi
352 3228 533 3293 venientem
547 3225 791 3312 baptizandum.
837 3227 967 3289 Frustra
981 3224 1067 3288 enim
1086 3223 1154 3288 illic
1173 3235 1273 3309 putat

222 3361 259 3404 se
273 3361 342 3413 esse
356 3339 568 3423 baptizatum,
583 3357 658 3400 cum
685 3356 749 3398 non
774 3335 815 3398 sit
830 3334 993 3419 baptisma
1007 3333 1068 3398 nisi
1082 3332 1117 3398 in
1131 3326 1274 3398 ecclesia

223 3469 325 3512 unum
341 3459 373 3511 et
388 3469 523 3511 verum:
548 3445 624 3530 quia
641 3458 675 3507 et
699 3444 790 3507 Deus
811 3465 905 3522 unus,
920 3455 955 3507 et
976 3441 1052 3507 fides
1072 3463 1150 3520 una,
1163 3453 1201 3506 et
1218 3462 1274 3508 cc·

222 3559 320 3623 clesia
342 3580 408 3622 una
426 3570 486 3636 est,
501 3557 534 3620 in
552 3576 615 3642 qua
638 3567 701 3618 stat
723 3576 824 3618 unum
846 3551 1007 3639 baptisma
1019 3564 1053 3616 et
1066 3549 1223 3616 sanctitas
1236 3563 1274 3618 et

221 3680 351 3733 caetera.
394 3667 483 3732 Nam
499 3689 572 3752 quae
586 3665 664 3730 foris
680 3678 887 3729 excercentur
900 3664 1025 3730 nullum
1045 3661 1167 3728 habent
1183 3664 1320 3740 salu-so

222 3777 264 3844 tis
278 3778 440 3842 effectum.
545 3798 550 3807 ’

266 3888 463 3975 Polycarpus
478 3887 520 3952 nb
533 3885 716 3951 Admmeto
731 3884 821 3950 dixit.
857 3884 925 3972 Qui
940 3885 1168 3953 haereticorum
1183 3884 1272 3974 bap-

221 3995 318 4062 tisma
331 3997 470 4083 probant
482 4007 628 4062 nostrum
643 4005 809 4059 evacuant.

642 4219 657 4248 ¹
673 4216 762 4279 tunes.
774 4218 806 4265 iv.
819 4228 843 4267 ⁵.
