2678 4756
236 312 298 377 124
575 295 959 363 ANNOTaTIONEs
1043 326 1052 333 ·

236 477 319 531 tram
334 465 495 530 statuatis.
542 467 603 532 Pro
618 467 884 556 transgredimini,
899 468 962 532 sine
975 464 1117 552 rejicitis,
1131 477 1191 532 cut
1205 456 1277 531 irri-

236 552 446 638 tnmsecistis,
464 554 578 616 Graeca
594 553 713 618 habent
733 553 925 639 ωαραέαίνετε
939 568 972 617 et
987 552 1159 638 stipitem.
1207 552 1274 639 Cy·

233 639 365 722 priauus
387 638 477 713 dixit,
500 640 713 702 comtemnitis.
760 642 873 725 ltaque
896 639 1032 726 opponit
1053 638 1205 702 humente
1228 639 1276 703 iu·

234 723 422 809 dulgentiae,
448 724 584 787 divinam
636 726 884 810 raescriptionem
898 749 908 803 ;
938 723 1085 788 humanis
1110 722 1277 801 doctrinist

235 806 340 873 diviua
356 824 532 894 praecepta3
556 746 782 874 traditionibus
806 810 965 887 humanis,
987 808 1138 873 mandata
1160 808 1276 873 divinas

238 895 286 957 Ac
309 895 404 957 semel
430 895 540 958 statuit
564 896 650 980 quod
674 919 800 981 semper
821 896 974 960 custodiri
993 895 1078 972 velit,
1099 895 1277 959 humanam
1300 917 1305 922 ·

233 979 466 1064 indulgentiam
491 980 569 1043 nihil
592 983 767 1045 concedere
790 983 940 1067 cuiquam
968 1001 1073 1065 posse,
1098 979 1156 1045 ubi
1184 980 1278 1045 Deus

232 1064 413 1143 intercedit,
438 1067 507 1129 hoc.
525 1083 584 1144 est,
611 1081 706 1130 vetat.
757 1067 936 1131 Videautur
961 1065 1211 1130 Observationes
1227 1064 1275 1130 -ad

232 1151 337 1236 Epist.
353 1173 415 1214 111.
430 1152 486 1215 ubi
502 1151 691 1216 deecclesia
707 1153 857 1216 humana.
874 1154 1065 1216 Emenso
1081 1150 1172 1215 Fello
1187 1149 1275 1214 allata

278 1238 311 1298 P.
330 1249 379 1311 78.
402 1237 424 1299 l.
443 1252 493 1301 30.
521 1236 594 1300 Siue
617 1239 722 1322 cansa]
751 1239 803 1300 Sic
827 1236 964 1301 reddidit
992 1235 1176 1322 Cyprianus
1201 1257 1275 1321 queo

233 1321 447 1407 Septuaginta
470 1323 587 1401 dixere,
608 1325 698 1405 μάτην
723 1321 852 1386 σέὸονταί
874 1349 921 1403 με.
961 1321 1034 1386 Sine
1057 1342 1162 1402 caasa,
1186 1342 1274 1400 vane,

229 1421 403 1492 perperam.
429 1409 645 1472 Rraaurlus
663 1431 681 1471 a
697 1409 784 1472 Fello
799 1408 914 1472 allatus

278 1493 311 1554 P.
324 1506 372 1570 79.
388 1492 409 1554 l.
423 1508 453 1555 5.
476 1494 579 1557 audiri
599 1494 632 1556 in
654 1494 815 1578 precibus]
834 1492 980 1556 Adnotat
999 1493 1154 1556 Erasmus
1175 1490 1274 1557 videti

233 1575 432 1663 Cyprianum
457 1579 591 1640 sensisse
612 1578 766 1642 sacrificio
791 1578 963 1642 sacerdotis
979 1578 1020 1640 im
1048 1578 1069 1641 ii
1085 1576 1165 1641 nihil
1180 1576 1274 1655 effici,

230 1661 333 1726 immo
351 1663 452 1747 magis
466 1663 623 1746 inquinari
644 1664 813 1749 populum.
857 1666 997 1728 loannes
1014 1597 1140 1727 gerson
1157 1661 1189 1726 iu
1206 1683 1273 1727 sere

230 1768 326 1811 rnoue
341 1747 380 1811 de
396 1771 487 1811 caena
501 1749 637 1813 Domini
651 1775 658 1813 :
674 1749 737 1813 Dic
752 1759 966 1835 consequenter
981 1770 1036 1811 cur
1051 1745 1230 1833 Cyprianus
1242 1757 1274 1813 et

231 1831 290 1896 aiii
312 1834 446 1896 doctores
466 1832 609 1917 plorimi,
625 1857 754 1920 quorsom
776 1834 861 1898 dicta
883 1834 1055 1898 recitantur
1077 1833 1111 1896 in
1130 1832 1272 1910 decretis,

225 1930 395 2003 posuerant
424 1918 507 1983 nihil
523 1919 602 2003 fieri
632 1920 664 1983 in
692 1919 892 1984 sacramentis
920 1918 1062 2005 nihilque
1089 1917 1226 2006 conferri
1253 1940 1273 1983 a

229 2002 442 2069 schismaticis.
480 2005 565 2069 Vide
591 2021 618 2068 1.
644 2029 675 2091 q.
702 2021 729 2068 1.
753 2006 786 2068 in
812 2007 944 2069 decreto
969 2003 1126 2068 Gratiani.
1170 2003 1201 2067 A
1229 2003 1271 2068 ud

229 2090 398 2154 Etherium
422 2104 455 2155 et
477 2092 613 2154 Beatum
638 2092 670 2155 in
691 2092 774 2155 libro
789 2092 894 2175 primo
910 2089 1058 2154 adversus
1076 2089 1192 2174 Elipan
1218 2110 1270 2155 um

228 2175 420 2240 Toletanum
451 2177 606 2261 scriptum
636 2192 685 2241 est
715 2176 904 2240 sacrificium
935 2174 1042 2238 altaris
1069 2174 1177 2239 offerri
1206 2196 1272 2240 nou

227 2280 323 2344 posse
334 2283 392 2346 per
404 2263 582 2348 quemlibet
597 2263 808 2339 sacerdotem,
820 2261 875 2324 sed
892 2282 948 2347 per
963 2258 1163 2323 sacerdotem
1178 2280 1271 2325 sanc·

228 2360 298 2409 tum
320 2362 354 2410 et
372 2346 511 2432 justum.
555 2346 709 2411 Albertus
724 2347 888 2410 Stadensis
903 2346 1086 2410 describens
1102 2343 1270 2411 historiam

228 2433 432 2516 quorundam
449 2432 672 2495 haereticorum
690 2432 745 2518 qui
760 2454 845 2495 anno
863 2445 950 2495 1248.
974 2444 1145 2515 coeperunt
1162 2429 1271 2517 pullu·

227 2516 294 2580 lare
310 2518 341 2580 in
356 2517 490 2580 eeclesia
505 2518 580 2594 Dei,
597 2518 642 2579 ait
655 2518 727 2581 illos
744 2519 860 2581 dixisse
875 2517 1057 2580 sacerdotes
1079 2517 1110 2578 in
1130 2516 1270 2602 peccetis

227 2602 420 2666 mortalibus
439 2604 632 2666 constitutos
655 2615 719 2666 don
742 2625 835 2688 posse
854 2603 1010 2666 conficere
1030 2601 1268 2665 eucharistiam.

228 2688 267 2750 In
283 2688 424 2750 articulis
434 2689 575 2751 Wicleffi
592 2688 750 2751 damnatis
766 2690 797 2752 in
813 2688 950 2752 concilio
967 2686 1209 2750 Constantiensi
1222 2687 1268 2752 lc·

227 2773 335 2858 giturz
360 2774 393 2838 Si
411 2773 567 2857 episcopus
585 2773 633 2836 oei
654 2766 794 2839 sacerdos
807 2785 853 2837 est
871 2774 902 2836 in
916 2784 1038 2858 peccato
1054 2771 1196 2849 mortali,
1210 2795 1268 2836 non

229 2858 434 2956 ordinat3n0n
449 2858 580 2943 conficit,
593 2883 653 2921 non
667 2872 831 2935 consecrat,
847 2882 906 2922 non
921 2857 1072 2942 baptizat.
1095 2857 1216 2922 Joanni
1230 2856 1268 2922 de

227 2944 384 3009 Varenms
400 2946 521 3029 pastori
537 2945 637 3007 sancti
653 2946 734 3009 Laeti
751 2946 781 3008 in
797 2944 918 3008 diocesi
936 2942 1085 3006 llemensi
1100 2942 1267 3029 objectum

88 3098 92 3105 ¹
198 3101 205 3107 .
227 3042 277 3093 est
293 3030 405 3093 eadem
422 3043 613 3114 tempestate
629 3031 717 3114 quod
735 3030 856 3113 publice
874 3028 1063 3114 praedicavit
1078 3027 1162 3125 qnod
1180 3046 1266 3112 pres-

228 3113 328 3200 byteri
343 3115 549 3178 conscabinorir'
563 3138 624 3178 non
639 3115 836 3199 conficiebant
850 3130 958 3199 corpses
972 3113 1099 3190 Christo,
1111 3125 1149 3176 ut
1164 3112 1269 3178 videro

227 3200 322 3265 estin
338 3216 428 3265 tomo
442 3202 546 3286 primo
562 3223 696 3286 operum
714 3201 865 3264 Gersonii
880 3222 911 3285 p.
925 3215 995 3278 915.
1012 3211 1185 3284 postremae
1201 3197 1268 3263 edi·

227 3286 334 3350 tionis.
369 3287 467 3371 Apud
483 3287 658 3351 Odoricum
676 3287 876 3373 Raynaldum
894 3309 945 3348 au.
964 3299 1049 3348 1420.
1067 3285 1096 3366 ᾗ
1114 3296 1162 3359 17.
1178 3296 1268 3350 extat
1323 3345 1325 3349 .

172 3404 173 3409 .
227 3371 316 3435 bulla
340 3373 473 3435 Martini
499 3375 592 3457 Papae
616 3373 658 3434 V.
689 3373 837 3436 adversus
865 3371 1038 3449 Nicolaum
1066 3369 1266 3435 Serurarium

227 3457 452 3541 praedicantem
471 3458 557 3543 quod
574 3457 733 3520 orationes
752 3469 786 3520 et
808 3477 918 3542 preces
938 3456 1081 3519 missales
1095 3455 1268 3545 presbyto'·

226 3563 334 3604 rorum
361 3543 489 3626 publice
512 3542 812 3606 concubinariorum
836 3557 925 3605 erant
951 3541 1070 3604 nullius
1095 3541 1221 3604 valoris-
1235 3554 1268 3607 et

220 3627 432 3712 ,presbyteros
444 3627 571 3711 publice
584 3628 828 3691 concubinarios
843 3648 911 3690 esse
926 3625 1052 3712 pejores
1063 3626 1083 3689 J
1086 3623 1159 3689 uda.
1183 3624 1267 3691 Vide

228 3711 422 3796 Gregorium
439 3713 516 3776 Vll.
532 3711 587 3774 lib.
600 3712 640 3776 iv.
657 3714 684 3774 E
708 3713 759 3776 ist.
777 3727 822 3777 10.
841 3728 887 3776 11.
903 3727 953 3776 20.
975 3726 1008 3774 et
1029 3724 1121 3774 notas
1140 3722 1276 3776 nostran·

225 3796 496 3882 ad·Ag0bardum
514 3818 593 3944 pag.
606 3802 657 3861 66.
682 3735 804 3862 Soatra
827 3796 912 3882 apud
933 3796 1123 3860 Gratianum
1141 3811 1168 3860 1.
1186 3819 1219 3883 q.
1237 3810 1267 3862 1.·

225 3902 298 3967 cap.
321 3882 411 3946 [ntra
424 3882 511 3946 rotho
528 3883 606 3946 icam
625 3883 760 3947 refertur
776 3884 868 3948 locus
884 3905 923 3946 ex
938 3881 1136 3966 Augustino,
1151 3880 1186 3945 in
1201 3902 1268 3968 quo

225 3967 382 4052 scriptum
397 3979 447 4032 est
459 3968 542 4031 intra
557 3968 748 4032 catholicam
767 3968 936 4032 ecclesiam
959 3968 989 4030 in
1013 3965 1171 4053 mysterio
1192 3987 1278 4032 cor·-

271 4053 313 4117 ris
328 4068 361 4117 et
376 4053 540 4138 sanguinis
553 4053 689 4118 Domini
705 4054 783 4118 nihil
799 4077 819 4117 a
834 4055 920 4116 bono
937 4053 1052 4137 magis,
1065 4051 1143 4114 nihil
1159 4073 1180 4114 a
1194 4072 1267 4116 ma·

224 4074 269 4206 li
279 4139 386 4211 minus
408 4139 516 4224 perfici
539 4138 713 4204 sacerdote.
747 4139 832 4203 Vide
854 4141 1031 4225 Hugonem
1051 4135 1269 4223 archiepisco*

225 4246 304 4310 pum
321 4224 623 4314 Rothomagensem
639 4224 739 4292 libr.
753 4223 1057 4312 Dialogorumcop.
1075 4236 1123 4288 υ.
1138 4235 1174 4289 et
1188 4220 1272 4311 spi·
1316 4278 1319 4283 .
