2678 4756
300 305 354 372 m
377 301 605 373 concurs
626 303 864 374 cnnrnro.
1035 309 1122 409 ,¹⁶3

75 470 221 539 fallatur.
243 474 379 541 Utinam
395 475 583 542 Harduinus
596 476 747 543 voluisset
758 478 849 564 sequi
863 476 1037 543 editionem
1051 501 1123 544 me-

62 568 132 623 'am
147 570 328 646 gestorum,
351 569 425 650 q'uae
440 577 549 640 certe.
561 563 646 628 absit
661 563 758 626 verbo
779 563 908 643 invidia,
925 565 1030 630 multo
1051 586 1121 630 me·

73 644 141 708 lior
154 657 204 710 est
218 667 257 710 ea
271 670 370 734 quam
386 647 440 712 ille
455 647 555 713 dedit.
586 650 799 733 Butuntos.
1051 654 1081 663 ''

77 760 80 767 ·
120 730 157 795 P.
168 748 220 811 99.
234 733 258 797 l.
270 747 321 797 22.
344 735 388 797 Et
401 754 466 820 ego
478 733 547 820 ipse
561 736 704 819 secutus]
722 733 861 798 Addidit
874 734 1027 799 Baluaius
1043 754 1120 820 pro-

72 836 195 880 nomen
214 840 284 905 ego,
305 818 439 883 forsitan
461 841 500 882 ex
521 819 647 904 scriptis
669 819 747 899 suis,
768 832 802 883 et
821 842 898 885 mox
912 820 994 885 infra
1006 820 1119 901 edidit,

70 899 154 986 quio
170 901 294 968 alietas
309 925 373 969 esse
391 926 454 969 aon
464 915 578 989 potest,
595 904 650 968 ubi
665 904 825 990 Rigaltius
841 905 951 970 olienis
965 928 1023 992 pro
1038 905 1117 970 olie-

66 1006 135 1051 ns
155 986 276 1069 habet3
295 989 404 1055 caeteri
424 989 645 1076 autem,'quio
665 988 762 1054 alieni
784 1002 867 1071 suut,
884 990 1039 1065 uobuouus
1052 1013 1117 1057 esse

66 1085 288 1156 mpossunt.
554 1128 557 1133 .

65 1160 72 1173 '
116 1156 203 1223 lbi'd.
217 1160 304 1224 l.26.
325 1159 465 1246 privatus
491 1160 564 1225 fons
586 1171 695 1224 noster
717 1159 785 1242 est]
807 1160 963 1225 Notanda
987 1172 1047 1238 est,
1070 1161 1117 1225 ait

65 1240 235 1328 Anglicus
247 1245 415 1331 interpres,
430 1245 645 1310 vetustissima
658 1245 918 1310 accommodatio
937 1246 1012 1310 libri
1027 1248 1116 1314 Cau·

68 1326 212 1393 ticorum
227 1329 268 1393 ad
283 1330 451 1395 Christum
461 1344 497 1394 >et
509 1330 688 1395 ecclesiam.

114 1413 152 1477 P.
165 1428 232 1478 100.
248 1415 271 1479 l.
286 1430 333 1480 13.
355 1416 571 1501 leptiminus]
601 1415 705 1489 Λέπτις
731 1416 822 1502 μικρά
848 1417 986 1480 Ptolem.
1025 1418 1113 1482 Urbs

66 1495 266 1583 Ryndacum,
279 1523 354 1567 cum
370 1502 481 1587 Leptis
497 1502 622 1585 Magna
640 1500 682 1565 ad
696 1501 927 1586 Tripolitanam
944 1501 1114 1585 pertineat.

62 1582 105 1644 'A
130 1582 331 1671 Carthagine
352 1585 530 1650 secundum
556 1586 758 1649 Antoninum
785 1593 851 1650 106.
875 1589 926 1650 M.
946 1588 980 1650 P.
1004 1587 1112 1651 distat.

64 1665 125 1816 ᾖξε
139 1666 202 1733 hac
216 1671 339 1736 mentio
354 1671 491 1736 habetur
504 1672 537 1735 in
550 1671 660 1735 collat.
676 1671 832 1757 Carthag.
850 1686 883 1737 et
899 1673 993 1736 notit.
1008 1673 1113 1738 Afric.

96 1772 235 1820 annus.
395 1802 399 1808 -

83 1866 98 1897 .·
112 1838 200 1903 Ibid.
215 1840 240 1904 l.
257 1847 305 1905 16.
319 1863 383 1904 non
397 1843 515 1923 unum]
527 1840 599 1904 Nou
613 1841 671 1913 duo
687 1841 891 1926 Augustinus
906 1841 1016 1907 habet.

112 1922 198 1988 Ibid.
215 1925 238 1989 l.
252 1941 300 2004 19.
316 1927 443 2012 pejores
463 1949 559 2075 <pam
578 1926 741 2007 ethnicos]
757 1925 879 1990 Confer
892 1926 1036 2015 Suffrug.
1054 1929 1113 1992 Sa·

64 2008 225 2073 taminia
240 2011 383 2090 Thucca‚
402 2033 460 2076 seu
488 2012 521 2076 ii.
535 2012 576 2075 ad
593 2033 635 2097 pa
663 2059 670 2074 .
686 2025 752 2074 102.

110 2093 149 2157 P.
165 2108 234 2159 101.
255 2097 279 2160 l.
295 2113 323 2160 1.
347 2098 480 2181 Sattius]
509 2099 546 2160 ln
574 2097 640 2161 Cor
684 2096 774 2174 lensi,
800 2095 927 2160 abhoc
957 2098 1111 2185 episcopo

64 2199 184 2243 omnes
210 2181 277 2245 fere
302 2183 487 2247 nominibus
511 2184 576 2246 suis
599 2182 813 2267 praemittunt,
838 2202 879 2244 rn
905 2201 1021 2246 saca:
1046 2206 1112 2270 qua

63 2262 210 2329 formula
230 2266 409 2352 significare
430 2268 586 2346 videntur,
603 2266 688 2330 nolle
705 2288 739 2329 se
758 2266 916 2330 sententia
933 2288 990 2330 sua
1009 2291 1111 2354 quen-

87 2354 167 2413 uam
190 2372 210 2414 a
236 2353 478 2431 communione,
504 2354 565 2417 etsi
595 2352 754 2416 diversum
780 2352 925 2431 senserit,
953 2371 1110 2419 amovere.

62 2370 152 2584 {aa
163 2434 218 2500 lex
227 2436 314 2502 dicta
327 2460 385 2525 per
396 2439 596 2526 Cyprianum
608 2438 713 2502 luerat
726 2438 759 2500 in
775 2438 963 2523 praefatione
974 2440 1109 2526 Synodi.

95 2538 300 2587 tenemus.
657 2544 660 2549 ·

108 2604 195 2669 Ibid.
214 2607 238 2671 l.
252 2626 284 2685 9.
300 2621 333 2672 et
349 2607 550 2673 Christianos
565 2608 597 2672 in
623 2607 725 2691 uinat]
746 2607 951 2695 Augustinus
972 2600 1108 2696 respon-

62 2687 144 2755 dens
159 2691 225 2755 ait:
245 2691 335 2757 Illud
348 2716 421 2758 saue
434 2695 516 2781 quod
531 2695 565 2758 iu
583 2631 693 2758 ultimo
708 2693 813 2777 posuit
833 2694 945 2772 diceus,
969 2696 1107 2761 Utrum·

62 2796 129 2860 que
150 2791 267 2842 contra
287 2780 444 2843 rationem
465 2781 526 2844 dte.
544 2779 662 2863 respuit
676 2778 824 2862 primitus
838 2801 875 2842 oo
888 2783 1025 2845 maxime
1043 2784 1106 2868 03]-

57 2859 194 2943 priam
213 2862 278 2946 ipse
300 2880 369 2927 uim
390 2864 450 2929 sibi
470 2863 727 2929 consentientibus
744 2863 870 2950 collegis
888 2865 962 2928 suis.
997 2867 1107 2953 Neque

60 2943 146 3008 enim
160 2944 324 3033 inquinari
339 2971 370 3015 se
384 2948 527 3030 credidit,
543 2949 664 3037 qtioudo
681 2947 797 3012 talibus
807 2960 934 3034 propter
948 2949 1106 3016 uinculum

55 3029 148 3113 potis
170 3033 456 3098 communicandum
478 3057 541 3099 esse
562 3031 695 3100 decreuit
709 3034 822 3111 diosus,
843 3035 1004 3099 neminem
1015 3037 1106 3122 judi·

57 3117 184 3197 cantes,
198 3131 256 3183 aut
268 3140 287 3182 a
293 3119 368 3205 jure
381 3120 617 3185 communionis
628 3120 768 3204 aliquem
783 3120 810 3183 si
824 3119 983 3185 diversum
996 3144 1104 3186 sense·

57 3199 113 3279 rit,
126 3215 325 3268 amoventes.
346 3205 423 3269 Vid.
437 3228 534 3290 supra
546 3206 652 3291 ipsum
668 3204 797 3269 initium
811 3204 961 3268 Consilii.

103 3286 189 3351 Ibid.
204 3287 288 3353 l.10.
303 3292 334 3354 U
337 3289 413 3439 tica)
431 3292 520 3356 Urbs
536 3290 737 3375 Zeugitanae‚
754 3289 866 3352 civium
879 3290 1086 3355 Romanorum
1092 3319 1105 3370 ,·

56 3381 160 3436 morte
175 3372 302 3438 Catonis
316 3375 387 3438 nodi
402 3375 438 3455 is,
456 3390 494 3440 ut
512 3376 557 3440 ait
579 3375 709 3440 Plinius.
733 3374 809 3452 ἰτύκη
827 3375 962 3461 Polybio
976 3389 1009 3439 et
1026 3379 1105 3441 Pto-

54 3453 136 3520 lem.
158 3457 259 3523 Nunc
275 3460 305 3522 B
328 3472 417 3525 serta
431 3483 471 3547 ap
495 3462 601 3524 ellata.
625 3463 788 3525 Faunus.

99 3540 186 3606 Ibid.
201 3543 283 3608 l.16.
298 3482 447 3631 iambus]
465 3483 503 3610 lh
518 3546 667 3611 floriensi
682 3566 785 3631 neque
798 3543 852 3608 hic
867 3565 970 3630 neque
985 3547 1017 3610 in
1030 3548 1101 3612 aliis

52 3624 287 3713 episcoporum
307 3632 492 3697 nominibus
516 3653 581 3696 non
600 3631 754 3715 leguntur
771 3631 1003 3715 appellationes
1022 3655 1101 3699 con·

54 3708 219 3777 lentorum
257 3735 360 3800 neque
396 3729 588 3803 martyrum.
623 3717 854 3780 Rrennrrus.
908 3716 1039 3784 Referas
1069 3733 1103 3785 te
1179 3792 1184 3803 .

53 3794 248 3863 rid-Balmii
269 3813 381 3864 notam
407 3802 500 3866 initio
522 3801 621 3866 hu'us
648 3798 789 3870 Concilii
812 3799 962 3886 positam,
986 3824 1018 3888 p.
1034 3817 1102 3884 149.

56 3879 161 3947 Bono
178 3883 274 3947 editio
292 3885 476 3951 Ouoniensis
498 3825 611 3951 tituios
633 3885 841 3965 conservavit,
864 3908 947 3971 quos
969 3889 1102 3973 quidem

53 3964 163 4031 orl-sin
225 3991 245 4032 a
257 3971 388 4036 nomina
401 3973 434 4036 in
450 3971 500 4036 his
516 3972 601 4036 notis
614 3971 813 4035 indicaturus
824 3979 908 4034 sum.

99 4052 153 4117 Ibi
178 4100 186 4116 .
206 4055 470 4140 Germaniciana]
490 4059 587 4121 Nova
605 4057 774 4135 nimirum,·
788 4070 826 4120 ut
842 4057 887 4136 ab
907 4056 1103 4122 Abhiritana

51 4132 320 4224 distingueretur.
373 4143 474 4205 Urbis
500 4141 599 4229 hujus
623 4142 794 4228 episcopus
820 4154 967 4226 tempore
992 4136 1102 4207 collat.

51 4220 327 4310 carthaginensis
336 4229 639 4303 erat'lnnocentius.
652 4228 694 4293 ad
705 4228 909 4312 Byzacenom
918 4226 1070 4310 pertinet,
1082 4246 1104 4294 a
1144 4259 1146 4263 ⁷

51 4305 325 4382 Germanicarum
346 4312 531 4392 ,cohortium
553 4314 712 4381 veteranis
726 4310 881 4387 habitata.
901 4312 956 4383 De
975 4308 1101 4404 hayojtut
1155 4376 1157 4382 .

540 4412 601 4465 m
622 4420 624 4424 ⁴
711 4439 714 4445 ·
846 4428 848 4434 ·
868 4419 879 4427 “’
1056 4418 1072 4442 ·’
