2678 4756
255 304 306 369 IN
327 304 360 370 S.
384 298 600 369 CORNELII
625 302 920 368 FRAGMENTA.
1059 324 1102 390 49

66 496 143 539 curn
165 488 299 559 urgente
321 474 425 537 morbi
447 472 632 538 necessitate
647 473 679 537 in
695 472 778 537 lecto
793 473 974 559 baptizatus
989 473 1101 538 fuisset

10 580 22 605 ³
66 561 110 624 ab
124 560 289 623 exorcistis
303 560 359 646 qui
378 560 469 623 illum
492 560 644 623 curabant
660 558 737 640 (hoc
751 560 834 621 enim
852 559 992 623 indicant
1005 559 1100 623 verba

65 645 137 730 ejus
155 646 315 730 epistolae)
340 659 450 730 postca
471 658 656 743 recuperata
678 643 855 707 valetudine
880 666 945 707 non
969 644 1099 708 adiisset

65 731 266 815 episcopum,
281 743 318 793 ut
331 731 453 814 reliqua
473 729 622 814 baptismi
643 728 799 792 solemnia
821 730 995 814 suppleret,
1008 728 1097 817 quod

64 816 281 879 ecclesiastica
307 815 419 900 regulo
447 815 661 899 praecipiebat.
709 814 804 877 Certe
830 814 861 876 in
889 815 1023 878 Conone
1045 828 1095 891 47.

66 898 207 965 Consilii
221 899 425 964 Laodicensis
439 900 470 963 id
486 900 603 963 diserte
618 899 812 983 precipitur,
830 912 862 961 et
878 899 910 963 in
924 900 1027 983 capite
1041 901 1098 964 tri·

64 986 187 1048 cesimo
197 1000 313 1049 octavo
326 985 463 1048 Concilii
475 984 671 1047 illiberitani.
688 986 894 1048 Vetusius
916 986 969 1048 De
982 985 1096 1071 hujus-

63 1070 155 1133 modi
170 1070 212 1133 ba
235 1071 331 1133 tismo
344 1069 461 1133 dubius
498 1084 587 1133 ostes
605 1071 747 1154 Magnus
764 1068 962 1155 Cyprianum
977 1090 1096 1134 consu·

62 1154 138 1234 luit,
147 1092 234 1241 qaid
236 1155 296 1241 ipsi
308 1156 345 1218 de
355 1154 421 1217 illis
431 1090 594 1231 vidistin,
605 1154 659 1241 qui
672 1155 704 1216 iu
716 1152 898 1238 iifirmitote
906 1166 936 1217 et
948 1155 1095 1241 languore

60 1241 204 1325 gratiam
216 1240 279 1304 Dei
293 1250 524 1326 consequuntur,
536 1261 578 1302 ou
594 1238 725 1301 talenti
736 1237 797 1301 sint
811 1237 945 1324 legitimi
959 1240 1093 1303 Christi·

64 1324 178 1402 onies
194 1326 275 1411 qnod
289 1347 370 1410 aprio
384 1323 518 1389 solutori
530 1346 590 1387 non
605 1323 664 1386 loti
675 1323 748 1401 sint,
760 1323 814 1386 sed
824 1323 954 1409 perfusi.
990 1327 1095 1390 Notat

62 1422 97 1473 et
114 1410 297 1496 Cyprianus
310 1410 411 1493 Epist.
426 1416 475 1484 76.
498 1410 556 1493 ipsi
580 1408 775 1494 respondens
797 1409 859 1471 boc
874 1409 961 1473 aliud
979 1409 1020 1474 de
1037 1411 1093 1474 iis-

63 1494 139 1558 dem
152 1495 360 1559 dubitationis
375 1516 490 1579 genus,
501 1496 554 1557 An
569 1493 717 1557 consecuti
733 1504 803 1557 sant
814 1493 941 1579 peridem
954 1495 1095 1591 gratiam

63 1578 260 1656 dominicum,
276 1580 328 1643 sed
347 1579 479 1643 breoiore
498 1590 528 1641 et
549 1578 665 1640 minore
686 1600 828 1641 mensuro
847 1600 982 1643 muneris
997 1581 1095 1645 divini

62 1684 101 1726 oo
126 1664 399 1748 Spiritus-sancti:
426 1676 461 1727 ut
484 1662 653 1726 debeantur
696 1661 798 1727 itidem
824 1662 1010 1743 Christiani,
1034 1688 1094 1729 non

62 1748 129 1811 sint
158 1760 260 1813 tomen
289 1750 395 1812 ceteris
425 1747 614 1835 coaequandi.
668 1686 848 1845 Cyprianus
877 1764 985 1813 autern
1015 1750 1093 1815 ibid.

66 1833 277 1898 Christianum
287 1833 432 1919 judicare
446 1856 479 1896 se
493 1832 637 1897 rescribit
652 1833 792 1919 quisquis
799 1833 905 1918 fuerit
919 1834 952 1897 in
967 1835 1094 1900 ecclesio

64 1917 133 2005 lege
153 1930 184 1982 et
196 1921 273 2005 jure
281 1918 363 2004 fidei
385 1918 522 1982 twinam
541 1918 681 2005 gratiam
704 1928 887 1999 consecutus,
910 1940 968 1983 nec
990 1921 1094 1984 ambi·

62 2004 207 2089 gendum
222 2026 291 2068 esse
305 2006 379 2089 quin
395 2004 575 2089 legitimum
597 2003 642 2066 sit.
658 2003 816 2088 baptisma
835 2026 893 2088 per
914 2004 1093 2089 adspersio-

64 2110 138 2153 nem
154 2110 212 2153 seu
226 2090 415 2153 infusionem
429 2092 624 2174 susceptum,
640 2109 678 2151 ac
692 2088 821 2151 demum
843 2089 876 2151 in
894 2088 980 2151 nullo
995 2092 1092 2155 muti·

64 2171 127 2237 lori
139 2184 170 2237 et
184 2173 341 2237 debilitari
352 2187 440 2257 posse
452 2174 559 2237 divino
574 2172 726 2257 beneficio.
769 2173 833 2236 Sed
848 2194 951 2258 neque
968 2174 1094 2239 Corne·

62 2258 125 2321 lius
141 2280 225 2323 nunc
241 2282 280 2323 an
295 2258 514 2343 baptismalem
590 2259 666 2321 tiam
682 2272 872 2321 consecutus
887 2273 970 2322 esset
982 2260 1094 2325 Nova·

61 2343 180 2421 tianus,
195 2344 268 2408 ideo
284 2342 419 2421 dubitat,
434 2344 509 2428 quia
523 2280 655 2407 &canon
671 2330 764 2421 lotias,
772 2342 827 2406 sed
838 2344 983 2428 perfium
996 2359 1092 2427 esset,

61 2426 124 2491 hoc
144 2442 196 2491 est
215 2429 290 2516 qnia
311 2428 505 2527 baptismum
529 2450 585 2512 per
605 2426 853 2513 adopertionem,
868 2450 931 2492 non
949 2451 1011 2577 per
1033 2431 1093 2494 im·

62 2513 253 2577 mersionem
279 2527 488 2599 suscepisset3
517 2511 572 2575 sed
598 2534 668 2577 eam
693 2513 737 2576 ob
762 2533 902 2591 causam,
928 2537 948 2578 o
995 2537 1092 2614 quam

61 2599 321 2662 Neocaesariense
347 2597 517 2661 concilium
542 2597 624 2661 Can.
650 2612 696 2660 12.
720 2596 908 2683 hujusmodi
928 2600 1090 2664 hommem

61 2683 252 2768 presbyterii
266 2682 387 2746 honore
401 2683 569 2768 indignum
583 2682 730 2769 judicat:
753 2683 828 2767 qaia
841 2683 987 2748 videlicet
1003 2684 1093 2769 bajus

51 2766 137 2851 fides
157 2788 220 2831 non
239 2778 285 2831 cst
305 2790 345 2831 ec
366 2766 462 2831 libero
482 2766 650 2847 voluntate,
666 2765 719 2831 sed
737 2790 777 2831 ex
794 2768 981 2847 necessitate,
996 2772 1044 2831 οὐκ
1059 2773 1091 2833 in

59 2850 251 2938 προαιρέσεως
269 2857 327 2938 γὰρ
348 2859 364 2931 ἡ
384 2852 465 2927 oriens
486 2856 570 2930 αὐτό,
592 2856 659 2915 ἀλλ’
681 2854 865 2935 ἕξῖᾶναγκῆς.
911 2854 978 2917 Ubi
1000 2868 1032 2917 et
1057 2853 1090 2935 in

60 2948 244 3000 transcursu
264 2940 429 3002 observare
447 2937 522 3001 licet
536 2941 744 3010 vocem'eteu
759 2958 817 3022 pro
833 2938 873 3000 ba
896 2938 982 3002 tismi
996 2959 1090 3003 voca·
1121 3012 1124 3017 Ι

60 3022 139 3085 bulo
159 3023 314 3109 usurpari.
357 3024 405 3085 Eo
426 3035 534 3085 autem
554 3023 675 3107 aequior
687 3022 749 3085 fuit
764 2958 905 3085 Corneiii
919 3022 1089 3103 dubitatio,

59 3106 149 3192 quod
171 3108 367 3171 Novatianus
390 3128 409 3170 a
427 3106 543 3171 morbo
562 3106 782 3187 convalescens
797 3129 869 3193 quae
885 3106 949 3171 sibi
961 3108 1091 3172 deerant

59 3212 96 3255 su
120 3190 209 3277 plere
224 3192 373 3277 neglexit.
397 3191 620 3257 Consanus.
647 3230 651 3235 -

97 3212 138 3339 ἵ).
154 3276 299 3341 13.l.10.
319 3283 368 3339 τοῦ
387 3303 418 3340 τε
438 3274 695 3362 σφραγιῶἧνηὺπὸ
712 3283 760 3339 τοῦ
778 3275 938 3360 ἐπισκόπου]
958 3277 1090 3341 Rufinus

58 3358 130 3426 hec
143 3361 239 3426 verba
253 3361 293 3425 de
306 3361 472 3446 signaculo
484 3362 664 3424 chrismatis
677 3362 901 3445 interpretatus
915 3374 973 3424 est.
1017 3364 1090 3447 Ego

57 3444 298 3531 impositionem
324 3466 476 3527 manuum
502 3446 660 3531 intelligo,
684 3468 749 3531 qua
772 3446 914 3531 episcopi
935 3447 1088 3532 Spiritum

58 3546 206 3595 sanetum
232 3532 399 3616 baptizatis
416 3531 655 3606 ÷oonlerebant3
683 3529 770 3615 quod
796 3531 962 3616 sequentia
984 3533 1089 3596 mani·

57 3614 139 3680 feste
153 3615 327 3680 declarant.
355 3614 584 3679 ‘Subdit'enim
601 3615 770 3696 Cornelius
785 3614 857 3678 risa
879 3618 907 3677 δὲ
924 3620 963 3697 μὴ
982 3616 1088 3701 τυχὼν,

57 3707 124 3775 πῶς
147 3696 183 3763 ab
203 3706 252 3763 soi
273 3700 355 3800 siplae
377 3700 537 3783 πνεύματος
558 3698 678 3783 inixa&
692 3701 895 3785 Quamquam
911 3702 951 3765 in
975 3724 1088 3765 manu-

57 3784 186 3895 scriptis
199 3785 366 3865 codicibus
383 3786 474 3850 Mac.
489 3784 581 3849 Med.
595 3796 629 3847 et
644 3784 726 3847 Fuk.
746 3783 865 3869 legitur
884 3786 986 3849 τούτων
1004 3788 1032 3849 δὲ
1049 3792 1088 3867 μὴ

55 3894 166 3955 ringus.
200 3870 500 3971 Interpretationem
516 3882 656 3931 nostram
671 3869 839 3932 confirmat
854 3869 1034 3955 Cyprianus
1048 3872 1089 3936 ad

54 3955 252 4019 Jubaianum
267 3955 317 4021 hrs
331 3955 442 4019 verbis.
478 3954 667 4039 Quodnam
686 3975 805 4038 quoque
825 3955 909 4037 opud
928 3977 982 4017 nos
1000 3956 1087 4041 geri·

55 4051 119 4117 tur,
133 4039 242 4125 tit-qui
255 4041 289 4103 in
303 4040 428 4107 ecclesia
442 4038 653 4125 baptizantur,
667 4038 844 4122 propositis
858 4038 993 4102 eeclesioe
1010 4038 1088 4127 offe-

52 4134 179 4205 rantur,
202 4133 233 4189 et
254 4141 312 4209 per
332 4138 469 4190 nostrum
493 4122 660 4187 orationem
681 4134 712 4186 et
734 4140 844 4197 montes
864 4122 1089 4207 impositionem

51 4208 213 4295 Spiritum
225 4222 365 4275 sanctum
377 4218 610 4297 consequantur,
623 4220 654 4273 et
667 4206 825 4295 signaculo
838 4209 1001 4272 Dominico
1018 4225 1089 4273 coni

98 4314 192 4359 vox..
210 4315 273 4359 111.
562 4313 584 4357 a
