2678 4756
135 260 210 345 „s
473 258 832 331 annonassossus

180 433 239 497 lv.
278 431 458 519 ραίαείίοιιι
480 446 551 498 curn
574 433 655 498 idern
677 431 885 499 Aberandriae
905 430 1059 499 Mutius
1081 434 1174 508 nea,

137 516 239 604 ibique
256 518 395 603 priuatos
413 540 481 585 eum
495 519 559 583 suis
571 529 735 585 conuentus
749 517 862 583 babens
874 516 1062 607 aliquandiu
1081 538 1172 580 nane

135 602 235 682 sisset,
257 604 372 669 Arium
396 627 416 669 a
440 626 472 670 se
494 604 713 688 deprehensum
737 604 779 668 od
800 603 1018 669 Alexandrum
1044 599 1171 680 detulit,

135 710 204 753 curn
223 711 293 753 earn
315 689 478 775 accepisset
497 713 517 755 a
538 701 633 756 rectoe
642 689 725 774 fidei
742 704 826 775 scopo
846 689 1075 773 in'Scripturis
1089 685 1172 772 opud

132 773 282 861 populum
296 775 534 861 interpretandis
552 775 705 841 aburare.
741 775 839 841 Arius
852 774 934 840 enirn
949 772 1107 841 Baucaioe
1118 793 1170 837 αο-

127 860 258 945 jusdam
280 861 364 945 apud
380 859 608 927 Alexandriam
626 859 764 926 ecelesia
778 859 940 947 presbyter
960 871 1041 925 erat.
1077 859 1172 923 ·Narn

134 944 299 1032 munique
311 944 457 1025 ecelesiee,
470 968 544 1033 nuce
557 958 624 1011 turn
637 945 750 1011 muitoe
761 956 864 1024 nant,
878 944 969 1011 bodie
980 966 1055 1010 uero
1065 944 1172 1029 piures

135 1041 305 1110 conusens
325 1030 550 1098 attribuebatur
565 1031 751 1130 presbyteri
775 1054 839 1120 qua
858 1030 980 1096 ratione
995 1046 1169 1116 promeran-

135 1115 207 1181 dam
225 1116 382 1183 ecclesiane
400 1117 490 1183 ibinsn
510 1119 608 1182 Areus
628 1128 812 1202 susceperat,
829 1117 894 1183 sive
914 1116 985 1215 quis
1005 1115 1093 1180 obius
1113 1115 1169 1179 nd·

125 1202 258 1287 junctus
279 1202 307 1267 ei
317 1204 445 1289 suerat,
466 1203 504 1267 de
524 1202 635 1291 quibus
653 1225 706 1268 sero
729 1202 803 1283 nco,
818 1226 888 1268 eum
909 1203 943 1267 ud
960 1221 1082 1267 necesse
1100 1200 1173 1276 erit,

133 1289 307 1353 accuratius
320 1311 457 1376 agemus.
494 1287 688 1437 Dprebeuso
705 1288 803 1377 igitur
816 1287 908 1367 Ario,
922 1287 1108 1354 Alexander
1121 1287 1171 1350 in-

133 1372 213 1437 dicto
226 1374 434 1459 episcoporum
448 1374 530 1439 οοινοὶ
547 1374 574 1438 io
595 1373 633 1438 de
640 1372 713 1471 fide
734 1374 901 1461 diiigenter
915 1371 1072 1462 inquisiit,
1085 1384 1117 1438 et
1131 1371 1173 1435 ab

133 1458 210 1523 Aria
224 1473 334 1543 prauae
348 1482 386 1524 ae
399 1459 582 1545 perniciosae
595 1458 681 1523 ilberto
696 1458 856 1544 opinionis,
871 1481 967 1547 quom
980 1458 1087 1522 animo
1101 1480 1175 1522 eon-

133 1556 265 1642 ceperat,
279 1545 429 1609 rationem
442 1544 557 1633 exegit.
602 1545 667 1609 Hic
679 1544 778 1609 Arius
791 1544 872 1610 nibil
885 1543 1102 1633 tergiuersari,
1115 1553 1170 1606 aut

133 1627 351 1695 dissimulare.-
381 1631 433 1696 sed
494 1629 605 1716 rfricta
618 1631 741 1716 fronte,
763 1630 811 1695 uti
832 1651 933 1695 seres
955 1627 1098 1705 babebat,
1119 1651 1170 1692 re·

133 1714 267 1799 spondit.
307 1715 408 1802 Quam
424 1741 439 1780 o
472 1739 537 1780 reru
550 1715 734 1780 Alexander
746 1737 816 1779 euin
828 1738 868 1779 ex
881 1713 1007 1780 eeclesia
1022 1712 1170 1778 deturba·

132 1799 190 1878 uit,
211 1811 242 1865 et
265 1822 334 1864 eum
355 1824 386 1865 eo
408 1801 516 1889 ingens
536 1800 694 1888 uirginum
716 1823 753 1865 ac
773 1811 957 1865 coeternum·
976 1797 1172 1878 clericorum,-

133 1907 209 1973 quos
223 1884 278 1950 iile
293 1887 490 1971 depravarat,
505 1887 552 1953 uis
566 1887 699 1973 ejicitur.

177 1972 239 2037 His
251 1994 288 2036 ea
299 1972 508 2060 subjungam,
519 1996 591 2059 quae
601 1973 728 2059 scripsit
739 1972 780 2036 de
791 1970 940 2049 Meletio,
950 1970 1015 2035 sive
1026 1967 1172 2048 Malitio,

132 2056 340 2137 Athanasius,
358 2072 391 2123 et
411 2060 441 2123 ei
462 2059 612 2145 deinceps
632 2079 790 2144 apponam
810 2056 980 2121 historicos
1000 2057 1170 2121 Socratem

133 2156 167 2209 et
186 2143 422 2223 sozomenum,
466 2145 499 2208 ui
518 2144 646 2231 quidem
668 2159 732 2209 tres
751 2143 921 2229 scriptores
941 2141 1085 2206 maxime
1103 2141 1178 2206 duo·

133 2228 265 2314 priores,
280 2229 375 2316 juxta
394 2251 431 2295 ac
443 2168 632 2329 (bragmenta
654 2229 753 2306 istaec,
769 2228 941 2313 Sanctique
963 2227 1049 2297 Petri
1069 2248 1170 2291 cano·

127 2335 201 2392 nee,
214 2337 290 2379 cum
306 2314 533 2401 Epiphanianss
556 2314 588 2379 in
610 2316 705 2380 rebus
726 2313 887 2400 aliquibus
902 2312 985 2377 male
999 2312 1171 2377 convenire

131 2399 288 2464 uidentur.
339 2401 450 2466 Habet
474 2401 575 2487 igitur
600 2400 797 2464 Athanasius
821 2400 854 2463 in
875 2396 1036 2485 Apnbogie
1061 2407 1173 2461 eontra

131 2485 270 2550 Arianos
289 2508 378 2549 num.
393 2501 442 2564 59.
462 2508 538 2572 pag.
558 2499 624 2561 177.
640 2485 692 2549 ed.
714 2484 939 2548 Montfaucon.
962 2481 1073 2569 Πέτρος
1096 2484 1170 2568 παρ’

131 2574 194 2652 ἡμῖν
209 2572 265 2655 erpi
279 2573 329 2651 μὲν
343 2578 391 2634 τοῦ
404 2573 525 2654 διωγμοῦ
539 2572 653 2656 γέγονεν
668 2569 825 2647 ἐπίσκοπος,
842 2573 869 2632 ἐν
886 2571 914 2631 δὲ
933 2573 973 2653 τῷ
989 2571 1108 2653 διωγμῷ
1122 2570 1170 2630 καὶ

131 2655 331 2741 δμαρσῦρησενι
355 2656 430 2730 οὗτος
444 2657 578 2720 Μελίτιον
599 2660 653 2718 ἀπὸ
670 2662 718 2732 σῆς
737 2655 872 2740 Aiybniou
891 2655 1039 2738 λεγόμενον
1054 2655 1169 2716 ἐπίσκο-

130 2767 191 2819 πον,
208 2742 249 2802 ini
265 2746 391 2815 σιολλαῖς
405 2741 584 2827 ἐλεγχθέντα
598 2742 787 2828 παρανομίαις
801 2742 822 2826 ’i
837 2740 923 2824 θυσίᾳ
937 2744 963 2802 ἐν
977 2745 1052 2825 κοινῇ
1067 2739 1170 2825 συνόδῳ

129 2835 185 2891 τῶν
207 2826 357 2896 inuenietur
380 2832 519 2891 καθεῖλεν.
548 2832 628 2890 ἀλλὰ
648 2827 782 2900 Μελίτιος
804 2830 833 2888 osi
854 2828 925 2909 πρὸς
945 2822 1042 2908 ἑτέραν
1060 2825 1170 2888 σύνοδον

131 2911 296 2994 κατέφυγεν,
313 2913 370 2975 οὐδὲ
385 2912 538 2976 intriberis
557 2913 780 2996 ἀπολογήσαὲιαρ
792 2915 848 2984 τοῖς
861 2914 934 2992 μετὰ
946 2916 1051 2987 ταῦτα,
1067 2909 1177 2994 χίσμιε-

129 2999 157 3060 δὲ
170 2998 308 3074 πεποίηκε,
325 2997 371 3076 uui
383 3000 442 3060 duri
461 3001 626 3085 Χριςιανῶν,
641 2997 804 3061 Μελιτιανοδ
817 2994 904 3080 μέχρι
919 3002 962 3058 νῦν
976 3000 1001 3058 ot
1015 3001 1070 3071 τῆς·
1080 2994 1169 3059 ἐκείνοι

128 3082 234 3168 μερίδος
249 3084 434 3165 ὀνομάζονται,
451 3084 529 3157 εὐθύς
542 3110 573 3145 τε
587 3085 648 3156 τοὺς
664 3083 824 3155 ἐπισκόπους
841 3084 967 3166 λοιδορεῖν
986 3080 1105 3166 ἤρξατο,
1122 3083 1172 3144 καὶ

129 3177 241 3253 πρῶτον
257 3169 338 3230 αὐτὸν
354 3168 471 3255 Πέτρον,
489 3170 510 3255 'h
529 3171 574 3232 riu
588 3170 648 3250 μετ’
664 3170 745 3230 αὐτὸν
759 3170 906 3252 Ἀχιλλᾶν
918 3163 1042 3244 deiicere,
1056 3168 1079 3252 'h
1094 3171 1170 3248 perd

129 3255 274 3338 Ἀχιλλᾶν
296 3253 487 3338 Ἀλέξανδρον.
524 3257 638 3318 Petrus
658 3253 743 3338 apud
760 3273 814 3316 nos
834 3262 906 3315 ante
925 3254 1172 3335 persecutionem

129 3338 285 3423 episcopus
305 3340 337 3402 in
357 3340 564 3423 persecutione
581 3349 704 3424 martyr
723 3337 872 3402 occubuit.
912 3336 976 3400 Hic
996 3336 1168 3401 Meletiunt

129 3423 184 3510 qui
198 3424 353 3508 episcopus
368 3424 400 3487 in
412 3426 557 3511 AEgypto
572 3435 650 3501 erat,
665 3423 871 3508 plurimorum
886 3421 1057 3486 conuictum
1072 3422 1167 3488 scebe-

129 3531 212 3584 rum,
238 3532 275 3572 ac
297 3509 492 3594 potissimum
516 3508 806 3595 quodirumobusset
829 3507 932 3584 idolis,
952 3507 986 3570 in
1013 3507 1172 3572 communi·

130 3594 336 3678 episcoporum
351 3595 465 3680 synodo
480 3595 629 3678 deposuit.
651 3594 800 3663 Mebetius
814 3616 884 3657 uero
898 3615 996 3679 neque
1011 3593 1054 3656 ad
1069 3593 1167 3658 abiam

129 3679 270 3765 tarefagii
292 3680 452 3765 synodum,
475 3703 571 3765 neque
593 3680 712 3744 curavit
739 3679 824 3764 apud
843 3689 978 3762 posteras
1002 3700 1067 3742 sese
1088 3694 1168 3762 pur-

125 3787 214 3852 gare,
227 3763 280 3827 sed
290 3763 463 3843 schismatis
475 3764 654 3851 autorfuit.
679 3764 765 3828 Hinc
787 3763 957 3850 nefastum
971 3774 1010 3827 ut
1023 3765 1094 3848 ejus
1106 3786 1167 3828 sec·

128 3861 242 3915 tutores
262 3848 408 3912 hactenus
426 3866 484 3933 pro
507 3850 694 3914 Christianis
711 3851 770 3914 Me
801 3849 880 3913 tiani
902 3849 1047 3914 audiunt.
1094 3851 1168 3915 Sta·

129 3936 246 4022 nmque
260 3933 315 3998 iile
328 3934 480 4020 episcopos
494 3934 668 4000 maledictis
683 3934 777 4019 caepit
790 3935 937 3999 incessere
943 3961 956 4012 ,·
977 3935 1080 4020 primo
1097 3936 1164 4022 qui·

128 4022 197 4086 dem
222 4021 321 4105 ipsurn
342 4024 483 4098 Petrum,
506 4020 614 4086 debinc
636 4019 795 4085 Acbibbane
817 4021 1027 4085 calumniatus
1050 4032 1112 4099 est,
1136 4031 1165 4085 et

125 4117 194 4192 post
207 4105 367 4170 Acbibbarn
378 4106 607 4171 Alexandrum.
628 4106 797 4172 Athanasii
811 4107 872 4170 ista
888 4119 1019 4171 secutus
1033 4107 1065 4170 in
1080 4106 1164 4171 hune

128 4191 269 4258 modum,
282 4192 393 4259 scribit
413 4193 562 4258 Socrates
576 4192 633 4258 lib.
646 4192 669 4257 i.
685 4192 775 4258 Hist.
789 4213 860 4281 cap.
871 4191 979 4258 6.'sub
994 4192 1049 4258 fin.
1071 4198 1167 4266 Σινα-
