2678 4756
286 313 503 385 CONCIL.
529 303 793 385 CARTHAG.
819 310 898 386 Vll.
1069 330 1116 406 99³

65 482 176 553 minus
201 499 316 553 noster.
337 491 432 554 Jesus
459 488 607 555 Christus
631 513 692 554 suo
718 512 774 556 ore
798 490 965 577 apostolos
992 489 1113 556 docens

62 592 270 685 perimplevit
284 597 414 664 dicens:
437 613 455 645 ¹²
464 601 523 680 Ite,
537 611 568 664 et
582 600 684 665 docete
697 622 798 664 ornnes
810 611 931 687 gentes,
944 598 1113 686 baptizan-

60 710 114 772 't'es
128 731 176 772 eos
191 707 361 772 innomine
375 709 483 774 Patris
498 721 528 774 et
543 708 621 773 Filii
635 721 664 774 et
681 710 817 795 Spiritus
833 710 953 774 Sancti.
980 709 1111 776 Falsum

64 837 148 902 ergo
170 817 397 882 haereticorum
420 818 581 903 baptisma
603 831 636 882 et
657 819 805 905 iniquum
828 842 847 883 a
870 819 962 884 nobis
988 819 1111 905 pellen-

35 922 147 987 adum
161 932 259 988 estet
273 925 363 989 omni
378 925 590 991 detestatione
613 926 830 1005 refutandum,
847 926 887 990 de
904 940 1041 1012 quorum
1057 944 1114 991 ore

63 1031 163 1109 virus,
179 1054 245 1098 non
259 1035 335 1113 vita,
348 1055 407 1098 nec
429 1034 535 1120 gratia
557 1035 705 1113 caelestis,
720 1033 775 1098 sed
797 1033 999 1119 blasphemia
1020 1032 1112 1097 trini-

63 1140 142 1204 tatis
157 1140 358 1227 exprimitur.
403 1145 446 1207 Et
458 1144 532 1208 ideo
548 1144 708 1207 venientes
729 1142 770 1207 ad
791 1142 959 1207 ecclesiam
981 1141 1112 1207 haretia

62 1270 121 1312 cos
143 1249 273 1336 integro
291 1264 325 1314 et
345 1250 508 1316 catholico
527 1251 721 1338 baptismate
736 1251 893 1338 baptizari
907 1251 1024 1315 debere
1039 1272 1110 1314 ma·

62 1359 220 1424 nifestum
235 1373 296 1437 est,
310 1372 347 1424 ut
367 1381 388 1423 a
409 1359 610 1446 blasphemia
631 1382 697 1423 suae
718 1350 980 1444 praesumptionis
999 1343 1111 1446 purifi·

13 1466 129 1531 locati
144 1465 270 1552 possint
284 1467 413 1551 spiritus
428 1469 530 1532 sancti
543 1468 649 1554 gratia
663 1468 842 1531 reformari.

106 1577 248 1640 Libosus
271 1599 291 1640 a
311 1579 406 1662 Vaga
428 1576 519 1642 dixit.
561 1580 597 1641 In
620 1577 788 1664 evangelio
812 1577 988 1655 Dominus,
1009 1579 1110 1666 ongo

61 1711 146 1767 snm,
156 1689 274 1775 inquit,
285 1689 411 1754 veritas.
433 1691 512 1755 Non
527 1690 618 1768 dixit,
631 1693 704 1776 Ego
719 1712 790 1755 sum
804 1688 1018 1754 consuetudo
1043 1689 1111 1752 Ita-

60 1820 130 1886 que
143 1800 275 1863 veritate
293 1799 498 1864 manifestata
518 1798 613 1864 cedat
633 1797 833 1863 consuetudo
848 1798 983 1876 veritati,
998 1811 1036 1864 ut
1049 1798 1111 1863 etsi

23 1894 96 1970 lin
117 1906 317 1991 praeteritum
335 1907 407 1992 quis
430 1907 463 1969 in
486 1904 621 1970 ecclesia
643 1904 815 1970 haereticos
836 1927 901 1969 non
923 1905 1110 1991 baptizabat
1138 1967 1143 1979 ,

10 2026 49 2079 15
61 2039 150 2083 nunc
163 2017 327 2104 baptizare
342 2019 484 2106 incipiat.

62 2142 65 2146 ·
104 2125 230 2190 Lucius
249 2147 269 2190 a
286 2126 448 2217 Thebeste
461 2125 551 2191 dixit.
590 2125 773 2191 Haereticos
787 2123 996 2210 blasphemos
1011 2135 1109 2210 atque

59 2232 191 2320 iniquos
206 2232 309 2301 verbis
323 2234 415 2298 variis
431 2234 639 2320 decerpentes
653 2245 763 2298 sancta
773 2245 807 2298 et
819 2232 993 2297 adorabilia
1008 2233 1109 2319 scrip·

60 2356 209 2408 turarum
225 2345 319 2409 verba
332 2345 528 2409 execrandos
543 2365 671 2421 censeo,
685 2357 717 2408 et
736 2341 811 2407 ideo
832 2340 1061 2407 exorcizandos
1076 2353 1110 2405 et

41 2501 47 2507 .
58 2452 276 2538 baptizandos
289 2475 370 2518 esse.

10 2574 53 2627 ιο
105 2564 274 2650 Eugenius
296 2565 337 2627 ab
351 2563 551 2634 Ammedera
565 2561 656 2627 dixit.
692 2564 735 2628 Et
756 2580 821 2648 ego
842 2561 905 2627 hoc
926 2561 1012 2627 idem
1031 2578 1109 2627 cen-

59 2692 131 2751 seo,
145 2671 316 2737 haereticos
331 2671 544 2759 baptizandos
560 2694 640 2736 esse.

85 2790 90 2809 “·
106 2781 192 2844 Item
207 2780 288 2845 alius
304 2781 393 2845 Felix
408 2783 449 2845 ab
464 2781 646 2845 Amaccora
660 2778 752 2844 dixit.
790 2781 832 2843 Et
845 2801 910 2866 ego
925 2779 994 2865 ipse
1013 2798 1106 2847 secu-

57 2900 115 2956 tus
130 2888 309 2954 divinarum
325 2891 552 2976 scripturarum
569 2888 793 2953 auctoritatem
810 2887 1023 2974 baptizandos
1038 2888 1107 2954 hae-

57 2998 179 3064 reticos
194 3019 265 3063 esse
281 3019 409 3078 censeo,
425 2998 481 3062 sed
496 3014 529 3062 et
543 3019 599 3063 eos
615 2998 670 3084 qui
685 2997 772 3083 apud
788 2995 1010 3062 schismaticos
1025 2995 1107 3084 bap·
1192 3042 1194 3046 ι

10 3095 181 3173 πύκασε
200 3128 235 3171 se
257 3128 326 3171 esse
348 3106 558 3172 contendunt.
605 3106 640 3171 Si
661 3106 946 3175 enimsecundum
971 3119 1106 3171 cautum

59 3215 187 3281 Christi
197 3215 342 3301 ‘privatus
357 3218 429 3281 fons
446 3228 555 3281 noster
569 3230 629 3293 est,
642 3214 825 3300 intelligant
838 3214 947 3277 cuncti
961 3214 1105 3279 ecclesiae

58 3331 181 3390 nostrae
199 3325 368 3391 adversarii
384 3327 459 3413 quia
480 3326 602 3390 alienus
619 3345 767 3388 essenon
781 3334 889 3408 potest
904 3343 962 3387 nec
977 3323 1106 3388 duobus

58 3433 192 3520 populis
215 3434 387 3499 salutarem
413 3457 527 3521 aquam
555 3434 694 3499 tribuere
717 3443 826 3517 potest
852 3431 907 3495 ille
930 3432 986 3518 qui
1011 3434 1108 3498 unius

57 3542 174 3629 gregis
188 3554 298 3627 pastor
312 3555 373 3606 est.
417 3545 461 3606 Et
477 3542 552 3607 ideo
567 3541 774 3606 manifestum
789 3552 840 3605 est
855 3563 912 3606 neo
935 3541 1106 3608 haereticoe

10 3661 121 3716 torreo
149 3651 372 3716 schismaticos
396 3651 519 3738 aliquid
541 3651 670 3716 oaeleste
695 3671 790 3736 posse
815 3651 989 3737 suscipere,
1008 3653 1107 3738 quia

58 3759 288 3847 peccatoribus
311 3759 497 3825 hominibus
518 3772 552 3824 et
574 3759 615 3824 ab
638 3746 774 3824 ecclesia
793 3762 947 3826 extraneis
967 3761 1110 3827 audeant

58 3870 219 3955 accipere.
263 3869 404 3957 Quando
425 3869 514 3935 danti
535 3870 627 3935 locus
651 3891 715 3934 non
739 3880 800 3949 est,
815 3869 928 3957 utique
948 3893 1007 3936 neo
1023 3871 1109 3937 acci-¹·

39 3978 163 4064 -pienti
176 3977 320 4066 prodest.
424 4041 428 4049 .

224 4226 238 4293 ,⁸
255 4223 346 4275 Mittit.
358 4225 443 4276 xxviii.
453 4237 494 4279 ts.
711 4297 715 4306 Ι
750 4236 761 4261 ·
776 4228 848 4276 toan.
860 4226 909 4274 xit.
921 4227 949 4272 t:

559 4325 585 4371 tr
597 4319 619 4368 ᾖ
