2678 4756
144 259 209 372 156
484 280 848 349 annonanonrs

144 471 240 521 anam
292 448 535 518 endochristum
549 464 581 518 at
592 450 1077 540 pseudoapostolumetdolosum
1085 469 1200 542 opera-

143 560 229 605 mm
264 560 351 603 scara

189 624 385 704 P.9³.l.15.
412 620 477 708 Qui
489 619 597 708 fidens
621 635 668 687 ast
690 623 841 710 insulsis
864 624 944 708 duta]
964 624 1091 691 Omnia
1112 625 1198 707 haec,

145 730 220 799 quae
241 731 282 774 ex
300 709 406 794 capite
429 729 517 771 nono
537 709 773 773 Proverlioram
794 709 975 776 secundum
1000 712 1115 777 Lxx.
1139 711 1196 778 de·

146 808 278 883 sumpta
287 807 374 872 sunt,
385 806 541 878 respuunt
550 794 744 881 exemplaria
753 796 857 861 Hebr.
868 810 903 860 et
911 795 1060 883 Vulgata
1070 799 1193 885 Interp.

192 881 275 946 lbid.
295 880 319 944 l.
335 893 385 943 ao·
405 880 568 964 extraneo]
594 880 751 968 Quamvis
775 879 839 945 alia
859 880 973 960 lectio,
995 904 1073 970 quaa
1097 882 1195 949 habet

144 964 258 1046 aluno,
278 966 365 1030 bona
385 964 438 1042 ait,
461 980 593 1029 coactus
615 987 688 1031 sum
710 979 837 1031 mutare
858 981 993 1053 propter
1014 968 1194 1034 auctorita·

144 1065 212 1119 tem
227 1063 369 1116 veterum
385 1050 639 1136 exemplarium
660 1052 781 1117 etenim
802 1063 949 1117 extraneo
967 1051 1132 1139 scriptum
1148 1052 1195 1119 in·

143 1138 216 1204 veni
236 1137 270 1202 in
286 1136 515 1223 septemdecim
531 1136 620 1202 libris
640 1137 757 1201 nostris
779 1150 815 1202 et
833 1137 868 1203 in
887 1138 1022 1203 duobus
1035 1137 1193 1227 Anglica·

144 1223 215 1303 nis;
238 1224 341 1288 immo
356 1221 633 1301 Monasteriensis‚
645 1222 677 1286 in
694 1244 760 1309 quo
781 1222 901 1308 legitur
919 1233 1062 1303 externo,
1077 1224 1193 1311 probat

144 1309 230 1375 hanc
243 1307 458 1374 mutationem
472 1328 543 1371 esse
556 1306 758 1394 legitimam:
780 1309 864 1373 infra
876 1310 909 1373 in
922 1308 1128 1375 allocutione
1137 1311 1192 1375 Se·

144 1394 214 1461 dati
228 1416 249 1459 a
261 1393 433 1472 Tnburbo,
446 1413 522 1478 pag.
531 1406 601 1458 332.
616 1415 675 1480 pro
690 1392 810 1459 olianus
829 1394 934 1459 codex
948 1394 1191 1482 Gratianopoli-

78 1556 82 1563 ,
144 1491 241 1545 tanus
255 1479 354 1543 habet
367 1488 544 1542 extraneas.
565 1479 778 1544 Banuzws.
800 1479 981 1566 Augustini
993 1500 1133 1569 quoque
1144 1502 1191 1547 re·

144 1564 309 1651 dargutio,
326 1586 400 1650 qnae
422 1584 509 1648 sape
529 1562 599 1663 jam
624 1577 804 1629 memorata
825 1578 886 1643 est,
906 1584 1021 1631 vocem
1045 1576 1191 1631 extranca

143 1649 305 1738 agnoscit,
325 1670 509 1736 quanquam
530 1672 563 1713 in
583 1649 655 1735 ipso
671 1650 826 1736 suffragio
842 1650 982 1717 alterum
996 1651 1190 1717 vocabulum

143 1735 290 1827 positum
315 1733 415 1798 habes
437 1733 523 1820 apud
548 1734 685 1798 eundern
715 1749 852 1821 patrem.
895 1737 981 1800 Mox
1004 1756 1110 1823 aquas
1135 1758 1191 1826 pm

144 1843 264 1912 nquam
276 1843 351 1908 quae
363 1834 553 1885 caeterorum
568 1833 618 1884 est
632 1821 790 1905 scriptura
803 1819 959 1886 Baluaius
971 1822 1099 1907 posuit.

165 1932 177 1979 ·.
191 1908 226 1971 Ρ.
238 1919 289 1986 94.
305 1905 328 1970 l.
339 1918 370 1971 4.
392 1905 467 1993 quio
482 1904 570 1969 Deus
594 1906 731 1990 Spiritus
748 1907 824 1992 dac]
840 1906 925 1971 Vide
939 1905 1064 1972 librum
1081 1906 1192 1973 domni

146 1993 233 2060 Petri
246 1992 418 2058 Constant.
436 1992 549 2078 inquo
565 1992 796 2057 confirmantur
809 1991 955 2057 vindiciae
970 2004 1118 2059 veterum
1136 2012 1199 2059 co··

145 2079 271 2157 dicum,
286 2098 362 2164 pag.
374 2088 425 2151 57.
445 2082 508 2163 (52,
524 2079 586 2160 53.)
611 2078 823 2142 Banuzrus.
867 2077 951 2164 Agit
966 2077 1098 2143 Millius
1111 2100 1191 2167 quo·

169 2186 210 2231 ne
225 2163 259 2228 in
270 2162 450 2249 Appendica
462 2163 505 2227 ad
518 2163 620 2227 Notus
634 2162 667 2226 in
679 2164 762 2228 Test.
773 2163 852 2227 Nov.
865 2184 940 2250 pag.
952 2177 1005 2241 31,
1016 2162 1073 2228 ed.
1086 2164 1191 2231 Oxou.

144 2186 189 2316 dc
207 2251 272 2315 hoc
292 2247 483 2313 Latinorum
498 2247 731 2326 additamento,
746 2249 821 2335 qnia
835 2250 923 2313 Deus
935 2248 1070 2334 spiritus
1083 2259 1143 2329 est,
1162 2259 1192 2314 at

147 2337 186 2401 de
197 2337 266 2401 Deo
277 2343 370 2397 nutas
384 2343 429 2397 est
435 2360 449 2414 ,·
488 2357 537 2399 uae
550 2333 680 2420 quidem
693 2334 848 2414 clausula,
856 2343 886 2399 et
899 2357 940 2399 aa
950 2336 1020 2398 Dac
1031 2346 1130 2401 nanta
1136 2344 1192 2415 ett,

145 2422 181 2489 in
192 2419 416 2506 antiquissimo
424 2356 497 2484 cod.
510 2419 667 2505 evangelii
678 2419 807 2496 Latino,
817 2421 873 2507 qui
884 2419 1043 2485 Bibliotb.
1055 2418 1192 2486 Bodlei-

147 2526 217 2572 anae
228 2517 290 2583 est,
302 2503 441 2568 additur.
479 2505 643 2570 Caeterum
659 2504 765 2570 Fellus
774 2504 862 2569 istud
872 2516 903 2569 et
913 2505 952 2569 da
963 2507 1033 2570 Deo
1043 2516 1192 2572 natusest

147 2592 291 2678 exponit,
307 2599 439 2654 elnotus
451 2590 488 2655 de
501 2590 745 2675 sponatanee
757 2601 850 2655 natas
862 2601 917 2655 est.
939 2592 993 2656 De
1003 2612 1073 2691 quo
1084 2604 1191 2659 manen

147 2677 433 2762 interpretamento
458 2675 529 2741 haec
551 2676 683 2740 adnotat
705 2677 861 2741 Maranus
883 2674 917 2740 in
941 2676 1129 2762 Prajctione
1152 2677 1193 2741 nd

149 2762 343 2849 cyprianum
356 2763 500 2846 p.xxxvi.
520 2769 541 2802 “
557 2763 671 2825 Minus
690 2761 864 2826 commode
879 2761 986 2826 editor
998 2763 1192 2829 Oxoniensis

146 2853 170 2888 ⁸⁴
185 2846 277 2926 illud,
291 2847 329 2911 de
342 2847 409 2910 Deo
425 2858 519 2911 natus
534 2858 590 2925 est,
605 2847 651 2911 sio
674 2847 823 2932 explicat,
843 2859 937 2912 natus
957 2845 998 2911 de
1020 2847 1138 2935 spiritu
1153 2848 1193 2913 de

146 2938 170 2974 ‘⁴
185 2934 259 2998 Deo
275 2945 369 2997 natus
383 2946 442 2996 est.
465 2934 513 2997 At
527 2933 633 2998 dicere
648 2932 813 2997 debuisset
826 2933 1056 3014 Nemesianus,
1070 2933 1111 2998 de
1125 2935 1192 2999 Dec

147 3025 170 3060 “
185 3029 296 3084 autum
311 3029 367 3083 est.
390 3019 457 3105 Qui
472 3019 675 3083 mediocriter
689 3019 846 3097 attendet,
859 3019 943 3082 hanc
953 3019 1053 3106 hujus
1065 3019 1131 3084 loci
1146 3020 1192 3084 vi-

146 3104 276 3170 “debit
296 3126 366 3168 esse
389 3105 592 3183 sententiam,
614 3104 702 3190 quod
724 3126 762 3168 ex
784 3103 897 3190 spiritu
919 3116 1032 3169 natum
1045 3108 1110 3183 eat,
1124 3105 1193 3191 spi·

147 3191 284 3274 “ritum
296 3211 376 3270 esse,
391 3189 466 3276 quia
479 3191 609 3276 spiritus
623 3205 764 3268 sanctus,
775 3212 850 3254 cum
862 3191 954 3253 Deus
967 3190 1009 3254 sit
1023 3202 1059 3255 et
1068 3212 1110 3255 ex
1118 3193 1194 3256 Deo

148 3283 172 3319 “
187 3290 280 3342 natus
296 3276 339 3340 sit
356 3275 420 3340 sive
437 3276 639 3361 processerit,
658 3274 741 3356 (haec
754 3276 838 3339 enim
857 3273 1018 3339 interdum
1035 3274 1123 3341 idem
1139 3298 1194 3341 so·

147 3368 171 3404 ⁴‘
186 3364 288 3444 nant,)
304 3383 364 3447 pro
379 3383 507 3474 summa
522 3384 580 3426 sua
597 3373 758 3448 potestate
775 3361 905 3446 spiritus
920 3381 976 3425 eos
996 3360 1096 3426 efficit
1109 3381 1194 3449 quoa

147 3453 221 3513 “re
247 3447 379 3511 enerat.'
858 3494 863 3503 .

94 3598 102 3612 ¹
191 3469 312 3596 lbgidl
326 3545 356 3594 8.
377 3529 586 3614 idololatriae]
609 3530 747 3597 Addidit
767 3552 880 3596 vocem
902 3530 1034 3596 amitus
1057 3529 1195 3596 forsitan

147 3638 189 3684 ex
200 3616 368 3681 codicibus
383 3615 448 3679 suis
462 3614 624 3696 Baluzius,
640 3639 736 3704 quarn
761 3616 909 3703 agnoscit
920 3616 1068 3702 Vulgata
1088 3618 1193 3682 Inter·

147 3702 288 3790 pretatio
313 3712 437 3765 vertens
459 3699 611 3764 idolorum
633 3702 775 3782 servitus,
797 3724 871 3788 quac
893 3701 973 3787 ipsa,
995 3713 1033 3766 ut
1055 3700 1195 3782 videtur,

148 3785 1069 3956 ⁰tttt¹¹1³⁰t¹⁸tltltittttfittltttt'ltl
1117 3810 1180 3937 aa

146 3956 354 4037 midiaeurbs,
364 3955 405 4021 de
414 3978 479 4044 qua
489 3979 586 4043 supra
597 3900 766 4023 eprnton.
777 3899 1015 4044 insuperypr.
1026 3977 1079 4043 ep.
1090 3956 1197 4022 lix.ad

150 4048 240 4114 Pam.
252 4043 933 4109 numeroslv.lambesitanamColoniama
956 4042 1058 4129 pellat
1080 4043 1197 4108 Fani..

193 4130 279 4197 lbid.
294 4129 318 4195 l.
330 4135 380 4194 26.
394 4128 454 4208 Ita,
474 4138 505 4192 et
522 4127 638 4216 docete]
665 4128 785 4195 Caeteri
804 4140 921 4215 praeter
933 4064 1112 4194 lanarium
1136 4128 1199 4194 ha·

147 4216 242 4300 bent,
255 4217 302 4283 lta
314 4237 401 4305 ergo,
415 4224 449 4287 at
459 4213 576 4283 docete.
603 4217 648 4285 Et
661 4215 762 4303 vulgo
775 4215 822 4285 sic
835 4214 956 4303 legitur
967 4215 1002 4285 in
1012 4214 1101 4284 Noas
1110 4213 1201 4287 Tm.
