2678 4756
234 308 299 373 224,
572 288 936 363 ANNorstlours

235 457 384 525 1221222212.
417 460 461 525 Et
474 470 583 527 tamen
598 461 758 561 Rigpltius
772 461 906 530 adnotat
919 462 953 529 in
966 461 1024 563 illo
1037 461 1195 613 scriptum
1207 484 1298 564 essa·

235 545 315 613 Deo.
337 545 548 617 Bsuuzrus.
592 547 792 635 Designatur
813 549 854 614 ab
874 547 1047 617 Hardurno
1061 548 1101 617 M
1128 548 1283 615 .B1bho·

234 629 339 697 thece
355 630 550 697 Jesuitarum
568 632 710 720 Collegii
725 634 882 701 Ludovici
895 635 948 699 M.
964 632 1102 699 Parisiis.

281 717 315 781 P.
328 730 378 792 71.
393 716 416 781 l.
429 731 479 781 2ο.
503 717 648 805 quotidie
667 718 880 805 celebramus]
902 721 942 785 ln
961 719 1044 785 libro
1063 718 1105 785 de
1123 719 1297 795 Oratione.

235 799 411 868 Dominica
421 824 496 889 pag.
507 818 577 882 209.
593 804 830 871 Eucharistiom
844 803 982 894 quotidie
995 804 1038 873 ud
1051 803 1154 871 cilum
1167 805 1284 871 solutis

235 887 415 972 accipimus.
456 888 673 955 Tertullianus
692 890 749 957 lib.
755 891 797 956 ii.
811 891 854 957 ad
870 893 1026 971 Uxorem,
1041 889 1166 956 1112222121
1181 890 1283 957 meri-

236 982 286 1039 nn
301 973 380 1060 quid
392 985 507 1039 secreto
520 985 594 1039 onte
608 997 727 1040 omnem
740 976 841 1041 cilum
853 987 960 1064 gustes
967 1002 981 1055 ,-
996 986 1026 1040 et
1040 974 1068 1040 si
1081 975 1208 1043 sciverit
1219 992 1283 1075 pu·

235 1081 319 1137 nem,
333 1082 394 1123 non
408 1058 500 1125 illurn
519 1059 616 1126 credit
635 1083 698 1126 esse
716 1062 771 1150 qui
791 1062 917 1129 dicitur.
948 1060 1030 1126 Vide
1044 1076 1123 1148 cap..
1134 1061 1283 1149 Quotidie

233 1144 322 1232 apud
338 1145 527 1215 Gratianum
542 1146 617 1211 dist.
631 1160 661 1210 2.
675 1146 717 1211 de
732 1147 995 1213 Consecratione.
1017 1147 1233 1215 Bsauzrus.

279 1229 363 1295 lbid.
390 1230 413 1295 l.
434 1245 484 1297 23.
507 1231 736 1319 impendentis]
765 1231 879 1300 Codex
902 1230 1067 1312 Turrensis,
1093 1231 1280 1319 ingruentis.

151 1344 154 1349 ·
233 1315 447 1389 Betucius.

100 3058 107 3073 ·
238 3024 336 3095 brarii
361 3045 473 3089 vocem

232 1401 364 1552 BIbid.
380 1401 403 1466 1.
414 1416 464 1466 3ο.
487 1401 576 1487 mali]
595 1402 738 1490 Quidam
757 1403 832 1469 libri
848 1416 969 1468 veteres
989 1400 1111 1469 habent
1125 1398 1281 1469 malivoli.

263 1507 446 1553 anuzlus.

280 1573 315 1636 P.
330 1585 380 1648 72.
395 1571 418 1635 l.
434 1588 462 1635 1.
484 1573 539 1657 qui
558 1573 749 1672 martyrium
765 1572 865 1657 tollit]
883 1572 937 1636 Sic
951 1574 1033 1638 Luc.
1048 1572 1092 1637 ix.
1106 1586 1158 1639 23.
1183 1572 1282 1658 dpe'ro

233 1658 282 1723 τὸν
298 1659 397 1743 saepis
411 1661 495 1721 etri.
530 1658 690 1744 Rigaltrus
710 1659 767 1738 ait,
784 1657 852 1809 ffiui
865 1657 1053 1744 dignatione
1066 1655 1174 1723 divina
1195 1680 1282 1723 mar·

234 1757 250 1811 t
274 1743 357 1809 rium
373 1742 517 1824 obtinet3
542 1744 733 1831 martyrium
748 1759 783 1809 to
810 1745 845 1824 't‚
862 1756 898 1809 ut
912 1743 1005 1823 inim,
1020 1765 1111 1809 ormo
1125 1741 1281 1809 tollentes.

257 1849 398 1895 sanus.

279 1914 365 1980 Ibid.
387 1912 546 2002 sanguine
561 1935 620 1979 suo
635 1914 833 2002 baptizatur]
846 1913 1004 2000 Rigaltins
1018 1913 1077 1995 sit,
1092 1914 1174 1981 Tota
1184 1927 1293 1999 perc«.

235 1999 297 2066 disi
323 1998 432 2079 clunis,
462 1999 590 2087 sangnis
620 2011 691 2064 tuus
720 2011 776 2080 est,
803 2001 910 2086 inquit
934 1999 1059 2064 Tertul.
1088 1998 1151 2066 vid.
1177 1996 1281 2087 Epist.

237 2106 354 2157 22222.
377 2086 431 2170 (al.
455 2086 549 2167 avr.)
581 2086 745 2151 Faesus.
789 2086 892 2171 Epist.
912 2097 963 2160 73.
984 2106 1061 2172 pag.
1082 2091 1152 2149 136.
1175 2093 1286 2171 utpote

235 2172 291 2260 qui
307 2171 508 2256 baptizentur
529 2169 752 2257 gloriosissimo
776 2182 805 2236 et
824 2169 963 2235 monimo
984 2169 1148 2258 sanguinis
1164 2166 1281 2256 leptis-

235 2280 296 2323 mc.
332 2260 375 2321 Et
397 2277 474 2327 mox
494 2255 586 2320 addit
610 2257 766 2356 sanguine
790 2277 850 2321 suo
873 2256 1056 2342 baptizatos
1077 2269 1113 2321 et
1133 2254 1283 2342 possiem

235 2341 451 2411 sanctificatos
464 2361 682 2407 oonsumman
702 2355 736 2407 et
756 2341 871 2407 divinae
886 2340 1129 2427 pollicitationis
1141 2340 1282 2428 3222212222

235 2449 334 2493 conse
356 2428 401 2493 ui.
437 2424 523 2490 Vide
537 2427 771 2493 Tertullianum
790 2427 822 2492 in
843 2427 927 2493 libro
946 2425 987 2491 de
1008 2425 1182 2512 Baptismo
1198 2438 1234 2491 et
1251 2425 1283 2503 in

234 2513 320 2579 libro
334 2449 375 2577 de
391 2510 559 2577 Pudicitia.
583 2512 692 2577 Passio
707 2526 891 2579 sanctarum
907 2513 1073 2597 Perpetuae
1087 2522 1121 2576 et
1134 2510 1283 2581 Felicio-

235 2598 292 2677 tis,
307 2621 328 2662 o
343 2596 495 2684 sangnine
508 2596 546 2661 ol
561 2596 721 2662 obstetrice
742 2599 784 2663 od
803 2596 967 2663 retiarium
988 2596 1095 2663 lotura
1114 2607 1188 2682 post
1204 2611 1283 2682 por-

239 2694 307 2749 tum
329 2683 485 2768 baptismo·
504 2683 644 2747 secundo.
676 2682 762 2748 Vide
787 2682 1045 2769 dissertationem
1072 2696 1121 2746 23.
1148 2680 1287 2747 Henrici

236 2768 414 2850 Dodwelli,
430 2781 565 2855 quaeest
578 2768 620 2833 de
636 2769 779 2835 secundo
794 2768 939 2855 martyrii
954 2767 1128 2854 baptismo.
1159 2767 1285 2835 Banu·

240 2876 340 2921 arus.

284 2938 369 3004 Ibid.
384 2938 406 3003 1.
420 2953 470 3017 29.
518 2939 578 3004 uod
591 2939 833 3004 contribulatum
847 2948 892 3003 est
907 2961 968 3003 non
982 2935 1212 3023 consolidastis]
1229 2934 1287 3017 Li·

495 2962 579 3089 iane
604 3025 637 3088 in
660 3024 786 3111 vulgari
809 3022 1024 3089 tribulationis
1046 3023 1111 3093 sire
1133 3044 1287 3091 rerumne

240 3110 407 3179 notatione
425 3110 670 3196 intelligebant3
693 3124 726 3174 et
740 3109 815 3174 ideo
831 3109 1086 3177 consolationem
1103 3107 1224 3177 molius
1237 3128 1293 3173 re·-

240 3195 400 3284 spoudere
415 3195 641 3273 crediderunt3
655 3209 768 3261 contra
782 3195 862 3259 sacri
878 3207 984 3260 textus
997 3207 1155 3259 mentem.
1178 3192 1287 3261 LXX.

238 3284 358 3369 legunt
378 3281 562 3359 κατεδήσατε.
602 3279 790 3367 Colligastis
813 3279 946 3345 Tertull.
973 3281 1137 3344 Pennus.
1187 3275 1298 3357 Fettt..

240 3391 317 3433 num
344 3366 420 3431 edit.
448 3379 579 3430 secutus
609 3388 693 3446 sum,
722 3366 755 3430 in
784 3386 850 3452 qua
877 3365 923 3429 sic
955 3364 1143 3429 restitutum
1170 3375 1231 3431 ent.
1249 3384 1297 3441 ,οι

242 3452 378 3538 scriptis,
393 3451 520 3537 opinor,
533 3449 683 3517 codicibus
700 3472 758 3536 pro
776 3473 836 3515 non
856 3449 1007 3517 consolati
1023 3450 1108 3529 estis,
1121 3446 1215 3543 quod
1230 3446 1288 3515 lra-

241 3537 323 3609 beni
337 3535 488 3620 impressi.
521 3534 710 3601 Harduinus
724 3535 856 3614 notavit,
872 3536 949 3602 MS.
966 3535 1139 3605 societatis
1151 3556 1223 3601 sum
1233 3556 1289 3613 ez·

242 3621 356 3688 hibere
376 3643 439 3685 non
460 3618 606 3687 corrsoleti
627 3621 711 3699 estis,
730 3620 787 3686 sed
806 3620 997 3687 memoravit
1017 3619 1174 3685 Baluzius
1187 3618 1225 3685 in
1240 3642 1290 3695 co,-

244 3707 312 3777 dioe
326 3705 488 3775 sorbonico
504 3706 657 3792 scripturn
675 3727 821 3771 essenon
837 3705 1021 3773 consolidati
1034 3705 1120 3779 estis.
1143 3704 1292 3795 Vulgata

245 3794 368 3878 luterp.
383 3791 494 3872 habet,
510 3791 593 3879 quod
604 3792 796 3879 corffrnctcrn
810 3803 868 3872 est,
881 3815 941 3857 nnn
954 3789 1137 3861 reduxistis.
1271 3850 1275 3857 .

289 3876 374 3947 Ibid.
396 3878 419 3943 l.
438 3892 489 3943 33.
510 3879 725 3962 cucurtatum]
754 3877 868 3944 Codex
893 3876 1104 3964 Remigianus
1128 3875 1298 3953 mmartin.

244 3986 327 4042 nent,
352 3963 557 4033 corbeiensis
583 3961 825 4048 depraedatione,
845 3962 1041 4029 Turonensis
1065 3961 1104 4027 de
1130 3961 1296 4047 predicte

247 4049 340 4116 tione.
362 4048 573 4114 strumus.
615 4049 761 4134 Vulgata
773 4046 884 4127 hebet,
899 4047 932 4113 in
946 4046 1188 4117 dnoretnnen.
1291 4096 1298 4119 .

292 4136 326 4201 P.
339 4146 389 4213 73.
403 4134 428 4201 1.
440 4146 471 4199 4.
492 4144 523 4203 et
535 4135 611 4218 joni
622 4155 685 4205 non
700 4144 829 4218 poscent
842 4133 1010 4233 echOHaeo
1024 4132 1143 4201 desunt
1157 4132 1194 4199 in
1204 4130 1290 4211 anti·

248 4218 841 4308 quuedtiouibusetinnoremlibris
853 4219 1004 4307 aroneis.
1025 4215 1293 4303 Defuiflsstin
