2678 4756
304 266 356 332 ru
378 267 413 331 s.
435 263 719 359 rnurnruun
742 260 883 326 Maur.
1040 273 1113 353 :at-t

69 436 178 503 nacho
199 434 284 521 Opus
305 435 441 522 ejmdetn
453 433 621 519 Antipatri
640 444 747 513 contra
765 429 945 507 Eusebium,
962 425 1016 493 cui
1036 431 1110 578 qui·

63 522 145 587 dem
160 520 222 587 soli
238 521 421 587 attribuisse
436 520 608 605 Antipater
626 518 749 581 videtur
764 515 953 601 Apologiorn
963 528 1020 598 pro
1066 515 1110 577 ri-

59 629 160 693 gene
205 605 322 671 Canius
335 607 545 690 Antipatrum
565 605 650 667 circa
673 602 815 667 medium
841 600 994 664 saeculum
1015 599 1109 686 quin-

68 706 142 755 tum
158 690 199 754 ad
212 713 331 757 annum
346 699 407 755 460
420 689 599 755 collocavit.
629 688 785 752 Conferas
800 684 922 751 Oudini
939 684 1109 765 Gomnrent.

68 774 112 840 ἅθ’
123 775 332 860 scriptoribus
342 774 431 839 Eccl.
447 790 526 840 tom.
539 774 572 838 ii.
587 795 662 859 pag.
679 789 746 836 101.
1086 836 1091 843 ,

115 862 232 927 P.266.
245 861 330 925 l..23.
357 861 400 926 'titt
421 869 455 922 ‘tri
475 868 517 921 ott}
539 863 601 942 wei<
622 864 662 921 ‘rit
681 864 787 939 naviga
806 855 948 939 initiarat]
967 855 1054 921 Cum
1069 854 1110 927 de

67 944 333 1010 subordinatione
356 943 428 1008 Filii
449 943 491 1007 ad
517 944 643 1008 Patrem
666 943 774 1029 aliqua
795 940 926 1007 dixisset
941 940 1110 1040 Origenes,

65 1029 269 1115 pro-eodem
296 1028 511 1113 ἀπολογούμενοι
536 1027 722 1113 Pamphilus
748 1038 782 1090 et
808 1024 967 1089 Eusebius
995 1026 1112 1091 similia

61 1114 112 1177 'ex
125 1113 195 1179 aliis
213 1115 424 1200 scriptoribus
441 1115 535 1177 effata
552 1114 647 1197 juxta
667 1124 851 1198 posuerant.
897 1109 961 1173 Sed
978 1111 1111 1195 perinde

66 1219 108 1263 ac
145 1213 229 1263 atres
245 1215 319 1263 ante
332 1199 460 1278 Arium,
474 1221 538 1263 non
554 1209 676 1261 tantum
697 1197 752 1283 qui
773 1218 845 1260 reus
863 1194 925 1259 fuit
940 1195 1110 1281 Origenes,

66 1304 103 1347 se
145 1283 243 1348 etiam
258 1284 442 1349 defensores
456 1283 538 1370 ejus,
556 1282 660 1346 minus
676 1294 824 1346 accurate
838 1280 974 1343 fortasse
988 1280 1029 1345 de
1046 1281 1110 1346 hoc

21 1384 24 1389 '
64 1369 224 1459 mysterio
247 1368 349 1437 locuti
372 1369 524 1445 fuerant3
555 1389 657 1454 neque
681 1367 800 1431 interea
822 1365 999 1464 quidquam
1021 1365 1109 1453 ejus·

65 1453 160 1519 modi
173 1455 381 1541 proferentes,
396 1453 485 1540 quod
500 1475 619 1539 magna
637 1450 779 1540 synodus
800 1453 938 1515 Nrcaena
955 1466 1109 1537 tanquam

65 1537 204 1625 impium
222 1552 365 1605 notasset
378 1555 411 1604 et
424 1538 670 1603 condemnasset
679 1561 689 1617 ;
713 1558 896 1624 quanquam
912 1538 1110 1603 contrarium

64 1621 174 1689 innuit
195 1624 379 1711 Antipater,
405 1623 482 1688 dum
514 1623 554 1688 de
583 1624 798 1688 condemnato
828 1622 869 1686 ab
899 1620 955 1686 illa
983 1623 1109 1711 synodo

64 1708 191 1775 Ariane
213 1709 368 1795 dogmate
390 1708 513 1774 videtur
532 1708 596 1773 hoc
619 1710 694 1774 loco
715 1729 821 1793 agere.
874 1706 1011 1772 Atride
1034 1731 1109 1796 quae

65 1814 106 1859 su
130 1817 166 1859 ra
179 1793 245 1859 dixi
259 1793 302 1859 ad
316 1817 391 1880 pag.
404 1806 472 1869 272.
488 1794 566 1858 item
578 1794 674 1859 infra.
1106 1831 1109 1836 ·

105 1815 196 1944 ibld.
211 1879 234 1943 l.
247 1892 296 1943 24.
320 1889 355 1941 σέ
368 1883 420 1961 ’γὰρ
434 1882 479 1940 καὶ
495 1888 542 1940 τῖον
557 1882 617 1961 wtgi
632 1880 675 1962 oi]
692 1874 838 1941 Celebris
853 1888 902 1941 est
917 1877 1053 1963 quaesllo
1067 1877 1108 1943 de

64 1963 211 2049 ὄςθοδοξίᾳ
226 1963 431 2029 Caesariensis
447 1964 601 2049 episcopi,
617 1962 700 2030 inter
716 1974 837 2027 veteres
857 1985 895 2027 ac
914 1962 1108 2028 recentiores

64 2048 208 2113 mrrltum
224 2049 344 2137 diuque
360 2049 490 2135 agitata.

109 2134 146 2197 P.
157 2140 229 2209 267.
244 2134 268 2199 l.
279 2149 309 2198 2.
331 2135 367 2212 pl
382 2135 527 2195 πείθεσθαι
543 2135 567 2194 n
584 2134 619 2217 ts]
633 2133 686 2198 Ad
699 2156 803 2220 marg.
817 2132 930 2198 Concil.
945 2134 1107 2215 editorum,

64 2229 100 2283 et
120 2222 204 2283 teste
225 2216 396 2285 Harduino
418 2219 494 2282 MS.
519 2216 661 2298 Codicis,
683 2221 826 2305 positum
848 2230 907 2296 est,
921 2217 998 2294 ἴσως.
1019 2221 1058 2303 μή
1076 2246 1107 2286 οε

63 2301 210 2382 missam
224 2303 291 2368 δέον.
322 2304 447 2367 Verum
464 2303 509 2366 nil
523 2325 652 2367 necesse
666 2318 726 2382 est,
740 2315 777 2368 ut
790 2307 828 2385 μὴ
842 2302 1041 2371 sollicitetur.

108 2387 193 2452 Ibid.
208 2388 232 2452 l.
245 2402 294 2453 24.
317 2411 376 2475 pro
399 2388 560 2475 praedictis
581 2390 757 2472 erroribus]
770 2388 897 2454 Videsis
917 2412 990 2476 quae
1009 2413 1049 2455 su
1072 2413 1108 2457 ra
1211 2380 1215 2390 ¹

64 2472 175 2537 notavi
199 2472 241 2537 ad
265 2495 341 2561 pag.
363 2486 433 2548 271.
485 2473 649 2538 Caeterunr
679 2474 756 2539 huic
782 2474 934 2538 Auctoris
962 2411 1108 2561 Synodici

62 2554 141 2623 loco
150 2566 277 2623 constat
291 2580 351 2646 pro
366 2568 492 2637 constet,
508 2572 662 2623 eteorum
676 2581 864 2644 procorum,
880 2561 1019 2643 reposui.

108 2642 146 2707 Ρ.
156 2648 227 2709 268.
242 2643 265 2708 l.
280 2659 309 2707 1.
333 2643 486 2726 Δομῆοςοοο]
503 2642 741 2709 Alexandrinus
763 2644 952 2730 episcopus,¹
968 2645 1024 2732 qui
1045 2645 1109 2712 fuit

60 2740 181 2814 postea
196 2728 345 2814 Origenis
360 2727 567 2794 adversarius.

106 2810 195 2877 Ibid.
210 2813 232 2876 l.
244 2826 276 2877 2.
297 2818 430 2892 Παμφίλῳ
450 2841 481 2872 το.
496 2815 531 2893 τῷ
548 2818 657 2895 μᾶςτυςο
678 2816 843 2897 interlineas,
857 2816 903 2874 aci
923 2817 958 2894 aqi
976 2816 1103 2901 Eiotciqt]

62 2896 114 2961 Ex
130 2896 288 2962 Photiaua
302 2896 495 2983 apologistae
510 2896 609 2984 hujus
624 2897 750 2978 notitia,
766 2899 822 2985 qui
838 2897 953 2962 Photio
968 2899 1039 2984 ipso
1053 2923 1106 2964 re-

60 2980 185 3046 ferente
211 2983 271 3067 περὶ
286 2987 334 3057 τῆς
349 2980 433 3066 ἁγίας
448 2981 564 3066 Τριᾶδος
579 2984 640 3046 ὲδέν
653 2991 707 3047 τῶν
725 2982 902 3066 ἐσφαλμένων
918 2983 1010 3068 ἔλεγε,
1027 2984 1106 3057 dum

61 3028 391 3153 Origeriiso’p-loloflat
415 3065 618 3146 defendebat,
641 3069 762 3154 quique
787 3067 954 3153 Pamphilo
979 3069 1105 3135 innixus

60 3170 133 3214 esse
148 3162 246 3238 atque
266 3151 409 3216 Eusebio
423 3151 465 3215 ab
479 3150 596 3215 eodem
618 3152 736 3216 Photio
751 3153 878 3230 dicitur,
897 3152 970 3237 jure
990 3155 1105 3219 merito

58 3234 191 3323 colligit
204 3236 247 3300 cl.
261 3236 376 3300 Bullus
392 3235 424 3298 in
440 3235 571 3322 Deferto.
587 3237 675 3301 Fidei
690 3237 834 3301 Nicoenae
852 3238 940 3300 Sect.
955 3239 1000 3300 ΙΙ.
1016 3260 1045 3301 c.
1061 3239 1103 3305 ix.

60 3320 93 3403 §.
107 3335 157 3385 10.
197 3369 205 3385 .
222 3333 289 3384 114.
311 3320 364 3385 ed.
384 3320 485 3384 Grab.
508 3321 712 3387 abhorruisse
735 3325 776 3386 ab
796 3323 917 3385 Ariana
937 3322 1105 3408 impietate

57 3341 227 3505 Pampii‘tt
241 3404 431 3492 Eusebiiqne
441 3403 499 3489 pro
518 3405 651 3494 Origene
664 3406 852 3495 apologiam.

103 3490 190 3555 1b1d.
210 3490 233 3555 l.
249 3506 296 3569 19.
320 3494 387 3569 ἷχοος
408 3491 468 3574 καὶ]
485 3491 621 3555 Notavit
636 3493 767 3579 quidem
782 3493 974 3557 Delaruaeus
988 3493 1021 3556 in
1035 3494 1104 3559 Ad-

56 3574 230 3641 monitione
251 3576 284 3639 in
301 3573 491 3662 Apologiom
514 3575 548 3639 S.
568 3577 741 3662 Pamphili,
762 3599 836 3663 pag.
859 3592 905 3640 15.
926 3579 1104 3646 Eusebium

54 3658 170 3743 dicere
185 3659 297 3738 videri,
312 3683 348 3724 se
367 3661 400 3724 in
421 3673 512 3723 sexto
532 3660 630 3748 hujus
653 3663 815 3749 apologiae
835 3663 918 3727 libro
940 3664 1104 3748 epistolas,

54 3766 141 3833 quas
156 3744 198 3808 ad
212 3745 388 3809 Fabianum
402 3765 519 3830 papam
535 3758 569 3811 et
588 3747 630 3812 ad
648 3749 830 3834 complures
851 3749 931 3813 alios
952 3750 1103 3816 ecclesia·

52 3850 135 3913 ¹rum
159 3829 318 3894 antistites
341 3828 382 3893 de
404 3829 478 3894 fidei
505 3853 570 3894 suae
594 3832 718 3897 ratione
740 3833 899 3920 Origenes
924 3834 1104 3920 scripserat,

50 3912 241 4005 insenuisse.
286 3915 396 3992 Recte,
412 3913 468 3978 sed
489 3916 581 3980 locus
602 3917 810 4002 exponendus
829 3919 953 3984 videtur
972 3920 1013 3984 de
1032 3922 1103 3988 aliis

50 3999 384 4149 praeqprmbcperibus
402 3999 549 4087 ejusdem
564 4001 725 4089 Origenis,
742 4026 815 4090 quae
833 4003 879 4069 ibi
897 4025 1103 4071 enumerave-
1132 4015 1135 4019 ’

52 4092 117 4154 rat'
155 4105 213 4147 use
236 4106 298 4149 rus.

47 4164 66 4259 J
101 4166 190 4235 Ibid.
204 4168 229 4238 1.
242 4183 293 4237 21.
316 4171 484 4259 tennitas]
503 4173 677 4260 Quotquot
696 4185 799 4263 agunt
818 4173 884 4241 loci
904 4183 1045 4243 veterum
1060 4173 1101 4271 de

117 4284 126 4291 ·
554 4272 607 4327 re
1091 4317 1094 4323 .
