2678 4756
168 338 173 353 .
234 286 277 361 ss
501 289 778 383 rumorum
809 274 1006 359 suctim

232 463 283 529 vel
298 462 383 529 luico
397 462 638 528 communicare
651 462 864 550 contingeret,
879 461 1186 550 Martialisquoque
1197 466 1287 550 pr'zs'-

234 584 285 640 ter
304 571 476 660 gentilium
500 573 661 659 turpia-et
683 572 842 638 lutulente
862 571 1050 636 convivia-in
1064 570 1211 659 'collegio
1223 571 1284 639 diu

234 683 437 770 frequentata
449 696 484 747 et
498 682 581 746 filios
597 682 629 745 in
644 681 760 747 eodem
775 680 917 768 collegio
935 692 1116 746 exterarum
1130 681 1284 768 gentium

235 810 327 856 more
352 791 438 877 apud
461 791 628 877 prophana
650 791 822 878 sepulchra
847 789 1013 877 depositos
1034 803 1068 855 et
1091 789 1284 877 alienigenis

235 901 455 987 consepultos,
475 900 555 964 actis
576 900 675 965 etiam
698 900 827 988 publice
847 899 965 964 habitis
985 899 1072 985 apud
1089 912 1319 986 procurato-t.

234 1018 305 1078 rem
320 1009 530 1074 ducenarium
551 1009 789 1096 obtemperasse
805 1026 840 1073 se
856 1008 1048 1075 idololatris>
1062 1022 1096 1074 et
1111 1007 1284 1074 Christum

234 1126 374 1208 negasse
388 1131 586 1185 contestatus
601 1119 653 1198 sit,
669 1141 810 1207 cumque
831 1119 893 1185 ulia
911 1118 1015 1186 mults
1035 1118 1101 1185 sint
1119 1133 1153 1185 et
1172 1117 1286 1206 grstia

236 1228 356 1296 delicta
380 1229 499 1316 quibus
529 1229 681 1294 Basilides
703 1243 737 1295 et
758 1229 918 1295 Martialis
939 1227 1097 1315 implicati
1118 1241 1285 1307 tenentur,

236 1338 354 1404 frustra
366 1337 683 1425 tales'episcopntum
697 1338 759 1403 sibi
772 1359 926 1424 usurpare
937 1346 1105 1416 conantur,
1120 1358 1197 1403 cum
1211 1357 1284 1403 mu·

235 1446 390 1511 bifestum
409 1447 461 1511 sit'
472 1447 641 1533 ejusmodi
650 1447 800 1512 homines
813 1469 875 1512 uec
889 1447 1034 1512 ecclesiae
1050 1445 1174 1512 Christi
1187 1466 1285 1532 posse
1294 1453 1330 1512 Ν

234 1562 376 1644 preesse
398 1577 457 1621 nec
478 1557 554 1621 Deo
576 1556 730 1623 sacrificia
751 1556 865 1622 offerre
885 1555 1003 1621 debere
1014 1580 1025 1637 ;
1048 1555 1188 1621 maxime
1201 1575 1284 1621 cum

232 1664 428 1755 'iampridem
453 1665 620 1730 nobiscum
640 1679 674 1730 et
694 1676 770 1731 eum
793 1665 945 1731 omnibus
966 1664 1100 1730 omuino
1120 1664 1284 1751 episeopis

236 1773 272 1843 in
293 1786 368 1840 'toto
391 1773 514 1838 mundo
532 1773 718 1838 constitutis
737 1786 821 1838 etam
839 1774 1011 1859 Cornelius
1025 1774 1161 1860 college·
1172 1788 1284 1839 noster

237 1884 387 1950 sacerdos
409 1884 561 1971 pacificus
583 1905 621 1948 nc
638 1883 759 1971 justus,
780 1900 813 1948 et
837 1884 991 1971 martyrio
1013 1905 1145 1971 quoque
1165 1883 1284 1970 dignu·

236 1995 327 2061 tione
346 1993 482 2060 Domini
504 1993 693 2072 honoratus,
709 1992 884 2059 decreverit
897 1992 1058 2082 ejusmodi
1078 1992 1229 2059 homiues
1241 1989 1335 2057 adt&

237 2104 462 2192 poenitentiam
483 2101 614 2191 quidem
636 2101 795 2190 agendam
817 2124 914 2189 posse
935 2087 1075 2182 ndmitti,
1089 2102 1131 2169 ab
1152 2100 1283 2167 ordino·

237 2215 327 2282 tione
340 2225 451 2278 autem
463 2213 541 2277 c'leri
556 2224 659 2298 etque
666 2211 861 2278 sacerdotali
875 2213 998 2278 honoro
1012 2211 1188 2299 prohiberi.
1211 2213 1283 2278 Nee

238 2342 295 2389 vos
312 2328 457 2401 moveat,
477 2322 591 2386 fratres
605 2321 821 2400 dilectissimi,
836 2321 863 2386 ei
880 2306 969 2410 npud
987 2320 1148 2410 quosdam
1168 2319 1204 2386 iu
1225 2341 1283 2386 no·

236 2429 374 2498 tissimis
390 2430 591 2517 temporibus
602 2442 668 2496 nut
682 2431 809 2497 lubrica
824 2431 903 2496 fides
916 2443 1020 2512 nutat,
1033 2416 1091 2497 aut
1104 2431 1170 2497 Dei
1185 2430 1283 2496 timor

236 2540 433 2627 irreligiosus
452 2541 488 2624 (f.
505 2540 613 2626 relig.)
636 2541 773 2619 vacillat,
796 2552 851 2606 aut
865 2541 1004 2627 pacifica
1024 2539 1200 2605 concordia
1212 2550 1321 2604 -uontt

237 2655 428 2737 perseverat.
462 2650 678 2718 Praenuntinta
689 2634 765 2715 sunt
779 2651 851 2716 haec
865 2650 1020 2716 futura-in
1037 2649 1148 2714 saeculi
1162 2650 1240 2731 fine,
1252 2662 1282 2714 et

163 2814 167 2819 .
236 2758 375 2827 Domini
390 2772 579 2846 nocentque
596 2760 816 2846 apostolorum
835 2761 1070 2825 contestatione
1089 2758 1281 2845 predictum

237 2874 289 2935 ‘est
302 2868 471 2939 deficiente
479 2866 552 2956 jam
566 2869 701 2950 mundo,
714 2880 811 2956 atque
821 2869 1099 2958 appropinquante
1112 2867 1281 2934 antichris-

237 2992 288 3060 to,-
302 2980 389 3045 bona
403 2999 541 3068 quaeque
555 2977 701 3058 deficere,
716 2979 802 3044 mala
816 3001 891 3044 vero
912 2992 946 3043 et
964 2978 1096 3044 adversa
1115 2978 1282 3064 proficere.

237 3090 318 3155 Non
338 3088 383 3153 sic
405 3101 526 3167 tamen,
541 3087 686 3176 quamvis
703 3087 883 3153 nouissimis
898 3087 1116 3174 temporibus,
1131 3084 1165 3151 iu
1177 3085 1322 3152 oncle-rr

237 3199 286 3266 tia
307 3198 372 3265 Dei
395 3206 454 3265 aut
470 3170 676 3284 cimgelicus
691 3197 783 3284 vigor
797 3197 924 3277 cecidit,
939 3208 997 3262 aut
1013 3195 1284 3261 Christianae‘vir·

236 3308 317 3374 tutis
331 3321 388 3375 aut
402 3307 476 3382 fidei
491 3308 591 3374 robur
604 3307 761 3394 elanguit,
773 3320 811 3371 ut
825 3329 890 3371 non
903 3305 1042 3392 supersit
1050 3303 1286 3390 portlorscer·

238 3417 353 3484 dotum
369 3424 442 3505 quae
456 3417 591 3481 minime
604 3415 646 3482 ad
660 3416 719 3481 has
733 3423 838 3480 rerum
855 3416 963 3480 ruinas
975 3429 1011 3480 et
1025 3414 1099 3479 fidei
1108 3413 1287 3501 -uaufmgts

239 3527 443 3604 succumbat,
458 3524 515 3590 se'd
529 3524 622 3590 fortis
637 3537 670 3590 et
682 3524 977 3591 stabilis-honorem
993 3522 1286 3610 dirinsemajests·

239 3635 281 3704 tis
294 3646 327 3699 et
341 3632 574 3698 sacerdotalem
589 3632 1042 3720 dignitatem'¹pletra'³timoris
1054 3616 1325 3699 'summationem

238 3755 378 3810 meatur.
405 3742 634 3807 ¹Meminimus
658 3755 693 3808 et
716 3726 1288 3822 tenemussuccumbenutus'ltest

235 3866 273 3920 tt
283 3851 473 3920 'cedentibus
488 3853 625 3930 ceteris,
639 3850 1014 3940 aMathathiam,1e·gem
1028 3851 1094 3917 Dei
1104 3850 1288 3919 vindicum

238 3963 378 4044 fortiter,v
389 3961 560 4042 bHelia‘m,
576 3963 596 4027 J
599 3946 942 4028 udaeis‘deficientibus
957 3971 1061 4049 <atquc
1084 3959 1289 4048 arsltgtsse

368 4218 379 4243 ⁸
397 4219 407 4256 r
420 4207 642 4267 Mach.ii.19,no.
930 4207 941 4237 ⁶
960 4205 1043 4268 elles.
1053 4205 1105 4279 nix.
1116 4213 1156 4254 to.
