2678 4756
251 282 303 350 ns
324 280 359 349 s.
381 278 600 354 coruum
622 275 920 353 stuatosum.
1060 295 1102 369 ι,
1158 252 1162 261 ’

85 452 295 521 lto-101³.
320 463 482 519 tumorem
504 449 632 517 illorum
657 449 821 516 mollitum
841 448 909 536 jam
932 447 1104 516 adnuntie-

69 541 161 624 bant]
176 538 407 604 Reroearimus
426 549 564 602 veterem
585 533 770 616 Monens,
790 538 952 618 <temero
967 533 1105 618 illorum,

70 625 178 693 mm
191 622 355 689 mollitiem
367 620 567 703 remidium)
584 643 681 708 quam
696 619 865 686 Manutius
878 619 1107 703 eliminaverat,

69 709 178 777 mucio
192 730 292 796 ursam
305 708 351 773 ob
364 724 506 774 oausam.
535 708 595 771 Est
608 707 692 771 enim
707 705 851 791 optime3
872 726 1008 791 eamque
1022 726 1107 792 prse-

69 796 189 872 ktunt,
204 815 271 859 uon
290 793 398 858 solum
411 804 530 858 veteres
543 790 711 871 editiones,
724 789 782 855 sed
806 790 905 856 etiem
926 801 1003 855 octo
1022 792 1107 857 anti·

68 903 136 968 qus
155 877 347 964 exemplaria
369 877 487 964 quibus
507 896 566 941 noe
586 876 707 942 utimur
723 888 757 940 et
769 874 968 954 Veronense,
982 896 1022 940 ex
1041 896 1109 963 quo

69 958 1111 1115 ursarumMusutursrtst

71 1072 187 1200 tuldila
209 1132 238 1197 is
256 1132 337 1197 milri
355 1132 482 1196 videtur
502 1066 584 1196 else.
601 1091 707 1197 ’Cum
720 1143 870 1216 ageretur
884 1129 972 1216 apud
986 1131 1111 1197 Corne·

43 1219 153 1292 ‚lium
167 1217 314 1283 devonia
326 1218 505 1303 lapsorum,
520 1216 697 1281 illeautem
711 1215 874 1282 dubitaret
886 1236 928 1280 an
942 1226 1111 1281 vereetex
1174 1245 1177 1250 ·
1249 1263 1254 1274 .

72 1304 181 1368 animo
201 1301 369 1367 rediissent
390 1301 432 1366 ad
451 1301 632 1380 ecclesiam,
645 1300 800 1367 stantium
814 1321 889 1365 vcro
903 1299 1000 1364 fidem
1015 1321 1114 1388 prop·
1146 1353 1160 1364 .

72 1396 163 1455 teres
174 1387 403 1473 interpellaret,
416 1386 438 1452 ii
453 1388 632 1451 retulerunt
648 1385 805 1472 quosdam
820 1407 859 1451 ex
872 1385 969 1472 lapsis
983 1398 1112 1452 tumore

74 1473 203 1539 inflatos
215 1486 297 1552 csso,
313 1471 390 1561 quis
408 1471 559 1536 nimirum
581 1483 745 1539 tormenta
763 1471 848 1559 passi
861 1482 954 1536 erant
972 1488 1032 1556 pro
1050 1492 1114 1536 no·

74 1558 160 1625 mine
187 1556 321 1635 Christi,
344 1556 490 1643 adeoque
516 1555 592 1621 binc
617 1557 801 1642 superbiam
825 1555 1010 1641 captabant,
1032 1557 1114 1622 alios

75 1655 189 1708 contra
208 1642 324 1707 molles
345 1641 522 1706 admodum
542 1662 623 1719 esse,
639 1641 756 1721 tristes,
770 1640 921 1705 nimirum
939 1641 983 1705 ob
1003 1654 1114 1707 cesum

75 1742 183 1796 tuum.
206 1729 289 1792 Sunt
299 1727 385 1791 enim
396 1726 512 1791 molles
523 1727 556 1791 in
566 1726 749 1791 calamitate
760 1725 945 1791 mortalium
958 1726 1068 1806 animi,
1076 1738 1114 1791 ut

75 1812 188 1878 scribit
200 1812 343 1878 Tacitus.
372 1811 461 1876 Hinc
476 1810 652 1910 colligebat
667 1810 837 1876 Cornelius
851 1809 1036 1875 testimonia
1049 1820 1116 1875 nod

75 1919 145 1963 esse
159 1897 276 1963 idonea
289 1895 330 1961 ad
366 1896 547 1961 robandum
561 1896 635 1960 illos
648 1917 718 1961 esse
731 1896 858 1982 penitus
871 1907 1025 1960 mutatos.
1048 1897 1116 1960 Ita·

76 2004 140 2070 que
153 1994 243 2047 recte
256 1916 417 2080 Rigsiiius
430 1981 621 2046 existimavit
634 2003 741 2045 veram
756 2002 825 2045 esse
838 1979 1011 2045 lectionem
1026 1980 1116 2045 codi-

76 2069 123 2133 nis
134 2069 342 2144 Veronensrs,
354 2065 387 2129 in
399 2087 465 2151 quo
479 2066 633 2151 scriptum
646 2064 788 2149 eratfide
803 2074 982 2128 tamennon
996 2063 1116 2129 idoneo.

76 2153 290 2216 Barbarus.
332 2150 543 2215 Constantius
564 2172 603 2213 ex
618 2151 665 2214 ed.
680 2149 885 2226 Masuriana,
903 2159 1052 2212 tumorem
1074 2148 1118 2212 il·

79 2235 145 2302 lum
161 2236 270 2300 lterum
284 2234 441 2299 mollitum
453 2237 528 2319 jam
545 2234 784 2299 martiolum.
826 2235 901 2319 Ego
916 2254 990 2298 curn
1007 2233 1119 2298 editio·

77 2342 149 2384 uem
167 2321 266 2407 Oxou.
287 2320 320 2383 in
360 2341 402 2383 ua
420 2319 523 2383 mults
542 2319 619 2383 huic
639 2319 713 2383 loco
734 2319 881 2418 apposita
901 2329 950 2382 est
969 2317 1118 2384 lectionis

77 2406 225 2482 varietas,
239 2416 309 2469 tum
330 2342 409 2468 silias
429 2404 618 2469 vetustiores
636 2403 692 2467 illa
710 2403 868 2468 editiones
886 2415 1016 2467 secutus
1034 2427 1119 2484 sum,-

78 2490 194 2554 relicto
218 2488 273 2553 hic
295 2487 426 2574 quidem
450 2488 598 2567 Baluzio,
623 2486 715 2576 cujus
741 2488 880 2553 rationes
905 2487 986 2552 mihi
1011 2489 1119 2555 minus

78 2574 311 2638 satisfecerant.

124 2657 211 2723 lbid.
226 2657 250 2720 l.
267 2669 315 2721 14.
338 2656 401 2721 fide
415 2667 524 2721 tamen
540 2678 604 2721 non
618 2654 734 2721 idonea
749 2655 826 2738 &c.]
840 2656 917 2722 Fide
931 2670 1038 2721 tamen
1054 2679 1120 2723 non
1243 2625 1246 2630 Ι

80 2743 199 2808 idonea
210 2740 298 2807 haud
311 2741 404 2805 facile
416 2741 508 2805 nobis
521 2741 650 2805 credere
661 2739 811 2819 dabatur,
823 2741 894 2805 illos
908 2757 1037 2828 repente
1049 2764 1120 2806 esse

81 2838 238 2895 mutatos.
274 2826 348 2890 cod.
367 2825 474 2890 Veron.
492 2826 566 2890 illos
582 2837 712 2910 repente
726 2827 804 2888 Bod.
823 2841 849 2888 1.
871 2827 1032 2903 Fatuus,
1052 2828 1121 2914 qui,
1229 2887 1234 2898 ,

81 2925 119 2977 ut
133 2910 345 2975 Coustsntius
358 2910 488 2994 aliique,
503 2910 535 2974 in
550 2923 641 2974 textu
654 2931 714 2975 suo
731 2909 917 2994 habetfides
932 2910 1076 2996 profide.
1165 2962 1169 2969 .

126 2994 213 3061 lbid.
228 2995 250 3058 l.
266 3007 314 3069 17.
335 2995 533 3078 Maximum]
551 2996 604 3059 De
624 3016 690 3079 quo
712 2994 858 3078 pluribus
878 3008 987 3059 actutu
1010 3008 1060 3060 est
1079 2995 1122 3062 ad

83 3078 265 3165 Epistclmn
277 3093 328 3142 41.
348 3079 507 3143 Pamelius
521 3079 649 3164 scripsit
663 3078 753 3142 illum
770 3099 900 3163 passum
916 3100 984 3143 esse
998 3093 1122 3166 marty·

83 3165 168 3245 sium
183 3163 244 3227 sub
261 3162 454 3227 Maximino.
489 3165 537 3228 At
554 3164 586 3226 in
602 3163 842 3248 martyrologiis
855 3163 1009 3246 scriptum
1025 3178 1075 3228 est
1089 3163 1123 3229 id

85 3248 226 3311 evenisse
239 3248 299 3313 sub
314 3247 497 3313 Valeriano.
532 3246 617 3312 Vide
635 3247 812 3311 Batonium
826 3245 867 3311 ad
882 3247 967 3311 diem
985 3260 1032 3325 19.
1047 3249 1122 3312 No⁴

85 3332 234 3397 veurbris'.
255 3333 465 3396 Banuzrus.
632 3332 634 3337 ⁴

136 3417 223 3479 Ibid.
253 3417 475 3503 presbyterum
502 3417 624 3499 secum]
642 3417 692 3479 'ln
717 3415 817 3479 MSS.
844 3414 945 3477 Corb.
970 3426 1003 3478 et
1027 3412 1125 3482 Colb.

83 3499 298 3598 presbyterum
312 3499 499 3563 secundum:
524 3499 613 3584 quod
629 3521 692 3563 non
708 3499 825 3585 placet.
848 3500 1071 3565 Cous‘rsrsr.

131 3586 216 3649 lbrd.
231 3584 254 3648 l.
272 3598 320 3648 18.
342 3582 565 3668 sedquoniam
580 3583 684 3649 multa
697 3595 924 3669 praecesserant
943 3583 984 3647 ab
1003 3584 1049 3647 eis
1066 3585 1126 3650 de·

88 3669 228 3754 signata]
246 3668 309 3733 Sed
324 3667 470 3733 omnium
486 3667 587 3733 multa
605 3681 829 3753 processerunt
842 3669 883 3732 ab
898 3688 967 3731 csse
980 3666 1129 3735 dissemi.

91 3767 165 3819 nata
183 3753 289 3817 Versu.
303 3766 336 3817 et
354 3752 508 3838 quoniam
522 3751 601 3815 Bnd.
617 3767 644 3815 1.
667 3754 829 3818 Faunus.
875 3751 913 3816 ld
928 3764 987 3831 est,
1003 3764 1129 3838 patrata

92 3848 124 3902 et
135 3838 295 3904 confecta.
331 3839 408 3922 Quo
424 3835 591 3903 intellectu
606 3835 649 3901 de
667 3837 812 3901 Eraristo
833 3836 866 3901 in
888 3837 1044 3920 superiori
1058 3839 1128 3925 epi·

94 3922 176 3990 stola
190 3921 314 3987 dictum
332 3934 394 4000 est,
410 3921 539 4006 Mojero
561 3943 630 3985 vero
652 3930 683 3984 et
703 3921 850 4006 graviora
871 3921 1128 4007 transignans.

83 4007 256 4092 ¹Quocirca
277 4006 487 4071 confessores
508 4026 585 4071 mox
606 4027 626 4068 a
646 4006 840 4093 presbyteris
862 4004 968 4090 rogati
990 4028 1059 4071 esse
1080 4008 1131 4074 di·

99 4103 210 4155 cuntur
222 4090 264 4157 de
278 4091 317 4155 iis
333 4104 407 4176 quoe
418 4101 589 4176 gesserant.
613 4091 836 4155 Cousraur.

138 4175 331 4255 lbid.l.19.
352 4174 551 4261 coepiscopis
576 4175 708 4265 uostris]
735 4175 835 4241 Corb.
859 4175 936 4242 MS.
962 4175 1129 4263 coepisdpl
