2678 4756
161 295 227 363 474
288 328 292 337 .
500 273 862 346 snuorsrronss

161 455 188 491 “
203 448 277 517 fidei
291 470 358 514 suoe
373 447 529 513 rationem
541 447 672 514 reddere
685 448 799 535 possit,
811 447 978 533 profitetur
991 467 1027 511 se
1042 445 1074 511 in
1090 447 1195 512 Deum

163 541 188 579 “
201 549 236 601 et
259 533 425 599 Christum
447 534 607 600 credere.”
629 557 662 622 p.
676 549 745 612 372.
764 534 842 599 edit.
857 532 1061 599 Helmestad.
1107 533 1195 597 Con-

161 621 244 687 Ieraa
260 620 380 684 Valesii
397 632 506 685 notam
527 620 568 685 ad
588 620 783 686 Connnnu
807 622 1000 705 Fragmenta
1019 619 1197 683 Eusebiana

160 707 201 772 νὶ.
210 720 260 771 43.
274 727 370 791 supra
381 706 420 770 ad
437 728 512 792 pag.
524 720 574 782 47.
587 707 650 771 vol.
664 707 771 794 hujus,
782 719 816 770 et
827 705 956 770 Justelli
967 705 1195 791 Beveregiique

159 790 395 871 adnotationes,
410 815 482 878 quae
497 793 579 857 infra
593 792 663 858 sitae
679 808 763 858 sunt.
801 791 866 856 Sed
881 791 912 854 iu
927 790 1132 876 Albaspiuaei
1148 796 1195 854 a'r-

159 891 352 964 gementum
369 878 472 963 regeri
489 880 552 943 hoc
573 894 690 965 potest,
705 877 802 943 sacris
823 876 987 964 religionis
1008 876 1129 940 erudiri
1149 891 1195 941 at-

160 985 224 1050 que
240 964 364 1028 institui
379 985 472 1049 posse
483 965 615 1029 clinicos
628 980 702 1051 post
714 963 921 1050 baptismum,
934 963 1037 1027 immo
1049 975 1195 1046 oportere

159 1048 194 1115 id
209 1050 275 1113 fieri
293 1071 332 1113 ex
347 1048 443 1148 jussu
463 1051 578 1115 saltem
593 1051 723 1115 canonis
739 1070 865 1114 xnvu.
885 1047 1016 1113 Concdii
1030 1047 1196 1112 Laodiceni

159 1136 374 1221 praeclpientts
383 1160 391 1213 ;
401 1134 470 1199 “Ort
483 1139 522 1198 td
535 1135 585 1211 τὲς
600 1141 627 1200 ἐν
643 1136 712 1222 νόσῳ
724 1132 986 1223 παραλαμὸάνονῖας
995 1136 1029 1197 τὸ
1041 1134 1194 1215 aarum,

157 1221 220 1284 alra
232 1221 401 1298 ἀναςίινιας,
415 1223 595 1304 ἐκμανθάνειν
608 1227 656 1302 τὴν
671 1222 764 1296 aris-tr,
777 1219 823 1301 sal
836 1220 981 1305 γινώσκειν
998 1218 1039 1282 ὅτι
1054 1218 1134 1294 θέας
1148 1224 1195 1282 lo·

157 1311 220 1393 ρεᾶς
235 1306 458 1386 κατηξιώθησαν.

530 1509 695 1577 CANON
722 1511 820 1574 XIII.

201 1648 316 1710 l‘.461.
330 1645 352 1709 l.
364 1657 395 1709 4.
419 1647 568 1708 ΚΑΝΩΝ
583 1646 654 1729 Εἴ]
677 1643 777 1730 Apud
799 1642 884 1707 edite
906 1641 1060 1722 Concilio,
1081 1644 1193 1730 quibus

157 1732 256 1799 addas
276 1730 447 1818 plerosque
468 1752 580 1795 omnes
599 1731 712 1794 codices
733 1752 828 1794 manu
849 1729 978 1815 scriptos
998 1730 1191 1808 Bodleianos,

157 1815 1189 1904 interpretesqueGraecoS,Zonaram,Balsamonem,Blastarem,

155 1920 291 1990 excepto
303 1918 427 1967 tanturn
437 1901 536 1967 altero
548 1903 719 1988 interprete
731 1901 893 1977 Aristum,
905 1901 938 1964 in
949 1901 1032 1966 duos
1047 1901 1102 1966 hic
1115 1923 1189 1966 unus

158 1990 272 2054 Canon
287 1989 404 2055 divisus
418 2004 477 2066 est,
489 2010 553 2073 qua
568 1988 609 2052 de
623 2010 656 2051 re
671 1988 712 2052 ad
727 1987 845 2051 horum
860 1987 1032 2051 Canonnnr
1048 1987 1189 2052 Titulum

151 2074 220 2164 jam
244 2076 308 2138 dixi
330 2098 361 2160 p.
376 2082 446 2138 462.
491 2073 552 2137 Sed
568 2074 608 2137 de
622 2096 675 2151 eo,
691 2073 779 2159 quod
796 2072 948 2137 inhaere
966 2072 1103 2137 Photius
1117 2073 1189 2137 olim

155 2162 285 2238 fecerat,
301 2183 385 2224 nunc
400 2159 577 2224 audiendus
592 2175 642 2223 est
658 2159 703 2223 vir
717 2157 848 2222 doctiss.
863 2159 933 2222 Jac.
947 2159 1188 2223 Leschasseriuc

154 2247 189 2312 in
207 2245 447 2324 Consultatione,
465 2246 557 2330 cujus
602 2243 734 2308 articula
752 2243 957 2308 Bibliothecae
969 2243 1063 2307 Juris
1080 2245 1187 2308 Conon.

160 2334 224 2398 Vel.
251 2333 416 2418 praemissa
439 2343 508 2395 est:
540 2338 562 2370 “
576 2267 759 2394 Concilium
784 2328 1051 2394 Neoctesariense
1079 2329 1188 2416 (inquit

154 2425 177 2458 “
191 2418 257 2499 ille)
276 2431 325 2481 tot
341 2418 491 2481 Canoues
512 2417 611 2481 habet
630 2417 663 2479 in
686 2415 807 2480 Codice
827 2414 997 2492 Orientali,
1014 2431 1099 2501 quot
1112 2415 1186 2479 etin

154 2511 176 2544 “
192 2504 314 2568 Codice
329 2504 467 2579 Titiano,
484 2523 598 2587 nempe
612 2502 806 2586 quindecim.
850 2501 897 2563 At
917 2501 950 2564 in
967 2500 1094 2565 Codice
1112 2503 1185 2565 Mo-

153 2596 175 2628 “
189 2590 340 2674 guntirro,
358 2589 413 2673 qui
434 2603 522 2650 vetus
544 2591 706 2650 Romanus
727 2601 788 2664 est,
810 2586 1057 2671 quatuordecim
1084 2586 1184 2651 Cano·

153 2682 174 2715 ‘⁴
191 2697 246 2737 nes
270 2675 379 2737 habet.
423 2675 505 2735 Haec
521 2694 593 2735 vero
609 2673 786 2736 differentia
808 2694 847 2736 ex
867 2694 906 2734 eo
928 2685 1003 2734 nata
1024 2686 1085 2749 est,
1106 2671 1185 2759 quod

152 2761 303 2822 “tertius
326 2771 359 2821 et
381 2757 524 2821 decimus
549 2758 661 2820 Canon
684 2758 814 2821 Codicis
836 2757 976 2820 Orientis
992 2758 1121 2835 Tiliani,
1137 2758 1184 2843 qui

152 2852 174 2912 “‚
190 2845 302 2929 incipit
317 2843 455 2928 ἐπιχώριοι
468 2869 477 2921 ;
500 2843 577 2906 item
594 2858 725 2929 quartus
740 2857 772 2906 et
787 2843 930 2905 decimus
945 2843 1112 2928 incipiens,
1127 2845 1184 2908 old

151 2938 173 2972 ‘⁴
185 2929 405 3017 χωςεπίσιιοιιοι,
422 2952 478 3014 pro
493 2930 588 2992 unico
606 2929 738 3015 Canone
753 2929 877 2992 duabus
894 2928 1039 3012 partibus
1056 2931 1118 2992 sive
1133 2950 1184 3014 pe·

150 3023 174 3057 “
189 3017 286 3081 riodis
303 3030 469 3078 constante
484 3015 623 3077 citantur
638 3014 669 3078 in
687 3014 792 3077 Plrotii
808 3016 1056 3081 Nomocauone.
1079 3016 1184 3079 Ambo

151 3104 326 3166 “citantur
349 3102 390 3164 ab
412 3123 451 3163 eo
473 3123 532 3184 pro
557 3101 652 3163 unico
679 3100 806 3163 decimo
829 3099 936 3177 tertie,
959 3099 1082 3163 scilicet
1104 3101 1184 3185 prior

150 3196 259 3272 “pars
280 3187 348 3272 ejus
371 3187 509 3248 Canonis
530 3185 624 3248 titulo
647 3186 741 3249 tertio
761 3185 865 3270 capite
887 3199 1013 3270 quarto,
1030 3199 1064 3248 et
1082 3200 1184 3269 poste

148 3279 172 3319 ‘-‘
186 3275 250 3336 rior
271 3272 366 3335 titulo
387 3273 491 3356 primo
512 3272 615 3353 capite
630 3272 784 3356 vigesimo
801 3271 920 3334 nono.''
966 3272 1050 3333 Haec
1074 3271 1128 3334 ille
1148 3271 1184 3335 ad

150 3381 182 3444 p.
201 3373 247 3421 13.
274 3359 390 3443 quibus
417 3357 479 3419 hoe
502 3356 613 3434 addaS,
635 3350 788 3442 appellari
809 3377 884 3420 eum
912 3376 932 3419 a
957 3355 1074 3419 Photio
1102 3356 1183 3420 deei-

149 3466 238 3507 mum
252 3456 400 3528 quartum
418 3464 586 3519 canonem,
598 3443 653 3527 qui
669 3443 800 3506 ultimus
813 3442 865 3518 sit,
877 3443 906 3505 in
921 3440 1028 3525 capite
1044 3444 1183 3526 proxime

149 3541 303 3613 sequente
317 3529 396 3591 illud
409 3551 427 3589 a
439 3529 661 3590 Leschasserio
674 3542 976 3591 commemoratum.
1005 3528 1079 3590 Pars
1091 3550 1183 3612 porro

148 3615 306 3700 posterior
331 3614 465 3698 hujusce
492 3613 633 3676 Canonis
659 3613 692 3676 in
719 3613 803 3676 tituli
829 3613 914 3675 tertii
940 3613 1047 3696 capite
1074 3628 1182 3679 octavo

142 3715 298 3784 tanquam
316 3699 458 3762 decimus
475 3699 586 3762 tertius
601 3720 704 3762 canon
718 3699 832 3762 allatus
846 3712 905 3761 est.

192 3783 311 3848 lbid.l.
327 3799 356 3847 5.
383 3784 547 3868 Ἐπιχώριιι
570 3782 768 3870 ωςεσὲὕτεροι]
792 3786 931 3847 Joannes
952 3782 1113 3849 Antioch·
1135 3784 1181 3848 tit.

145 3871 209 3937 xxi.
231 3869 311 3954 legit
333 3871 472 3956 ἐπιχώριοι
496 3869 637 3932 ἐπίσκοποι
659 3869 674 3944 ἢ
696 3868 890 3954 superdei-spot,
913 3881 945 3932 et
967 3891 1057 3947 mox,
1082 3872 1129 3932 aad
1151 3873 1183 3944 εἷς

146 3961 230 4044 εὐχὴν
252 3960 340 4039 κλιθῇ
363 3955 508 4041 ἐπιχώριος
530 3955 618 4034 μόνος.
644 3957 846 4019 Hannurn.
891 3956 921 4017 A
936 3954 1059 4018 Joenrre
1075 3955 1182 4040 scripte·

144 4044 178 4109 in
195 4041 391 4107 bibliotheca
405 4042 499 4104 Bodl,
514 4042 630 4104 rectius
645 4042 761 4104 absunt
777 4062 869 4103 voees
884 4038 1027 4102 ἐπίσκοποι
1042 4041 1069 4117 ἦ.

188 4126 273 4192 Ibld.
296 4127 462 4213 Ἐπιχώριοι
484 4125 681 4212 ωςεσὸύτεροι]
709 4129 784 4190 Hoc
807 4140 866 4204 est,
891 4124 1071 4211 Presbyteri
1093 4126 1181 4206 rectit,

135 4225 183 4280 ut
203 4213 380 4303 Dionysius
403 4212 547 4299 Exiguus
570 4227 656 4277 recte
677 4212 779 4278 vertit.
826 4213 863 4276 In
885 4210 948 4299 hoc
969 4213 1058 4279 enim
1082 4228 1182 4280 etse·
