2678 4756
301 294 355 364 nr
377 297 410 364 e.
433 293 652 363 connum
674 292 973 361 rasennam.
1117 300 1156 380 η

126 469 277 559 giniensis
295 488 503 546 consessum3
527 465 583 532 scd
605 464 762 531 memoria
782 475 996 552 utrorumque
1015 460 1080 530 hoc
1100 486 1158 530 ex·

126 556 256 634 ciderat,
267 575 332 640 prae
345 553 542 616 manibusue
557 551 677 616 habere
691 550 833 614 Cornelii
849 550 998 630 Romani,
1010 572 1075 614 non
1088 549 1159 638 Cy-

126 640 223 742 priani
246 637 522 724 Carthaginiensis
542 634 723 723 epistolam.
769 637 820 699 lta
844 647 878 699 et
899 647 984 701 errat
1006 635 1161 701 Baluzius

126 726 203 791 mlra
217 724 259 789 ad
274 745 374 810 pagg.
387 737 437 800 29.
454 735 486 786 et
500 735 550 786 32.

165 813 202 875 P.
215 822 247 885 7.
262 808 330 873 La.
354 820 523 894 personam
545 808 673 891 eorum]
698 809 848 871 Formam
869 805 996 870 dicendi
1018 804 1162 872 defendit

126 892 298 960 Salmasius
313 905 426 957 contra
440 891 619 956 Miltonum
635 890 809 956 soloecismi
824 912 857 954 se
872 903 1089 955 accusantem.

126 1053 129 1059 ¹
166 978 252 1043 Ibid.
268 978 290 1042 l.
306 994 336 1042 5.
360 975 522 1062 subjectas
537 975 647 1063 leges]
671 977 730 1041 Ait
750 976 910 1075 Anglicus
931 975 1096 1062 interpres,
1118 975 1161 1041 cl.

126 1063 303 1140 Marsha113
326 1062 484 1148 “perdita
497 1074 575 1126 sunt
592 1062 704 1126 isthac
725 1061 854 1126 concilii
867 1060 1042 1125 diocoesani
1055 1076 1162 1126 vetus·

126 1155 146 1191 “
161 1148 278 1212 tissimi
293 1147 454 1232 suffragia,
471 1144 558 1232 quod
574 1147 663 1210 valde
678 1145 859 1210 deflendum
875 1145 957 1209 est.’'

167 1233 254 1297 Ibid.
268 1232 292 1296 l.
305 1237 336 1296 6.
364 1230 527 1316 Sidonius]
554 1231 713 1296 Panrelius
735 1230 859 1294 addidit
877 1240 907 1293 et
926 1230 1101 1311 Macarius,
1123 1253 1165 1297 ex

126 1318 313 1404 conjectura
326 1329 465 1395 tantum,
476 1329 513 1381 ut
527 1316 662 1402 ipsemet
676 1317 803 1394 fatetur,
818 1314 893 1401 quia
905 1314 997 1379 illurn
1012 1337 1086 1380 cum
1099 1337 1165 1381 cm-

126 1403 203 1468 teris
217 1401 348 1466 rediisse
362 1402 404 1464 ad
418 1401 585 1466 ecclesiam
600 1412 691 1486 patet
704 1422 743 1463 ex
757 1401 859 1464 tribus
874 1400 1083 1486 sequentibus
1096 1401 1165 1489 episs

127 1486 231 1551 stolis.
255 1488 328 1550 Nos
343 1486 565 1570 expunximus,
581 1480 657 1572 quia
670 1485 807 1549 Macarii
822 1506 939 1549 nomen
954 1485 986 1549 in
1002 1488 1092 1552 nullo
1108 1508 1176 1554 eo-.

127 1592 202 1636 rum
219 1583 364 1635 veterum
388 1570 617 1655 exemplarium
638 1571 814 1654 reperimus
836 1569 954 1656 quibus
972 1571 1023 1635 usi
1043 1593 1166 1652 sumus,

128 1677 233 1742 neque
248 1655 281 1718 in
296 1654 491 1718 editionibus
505 1677 579 1741 qnae
593 1655 807 1720 Pameliansm
822 1666 1069 1722 antecesserunt.
1093 1657 1167 1721 Bn-

130 1759 286 1805 nuzrns.
327 1739 432 1824 Ipsius
454 1751 561 1804 tamen
582 1739 707 1805 Baluzii
728 1738 847 1818 textus,
869 1761 934 1804 non
956 1753 1046 1805 totus
1063 1741 1106 1806 ab
1125 1762 1166 1806 eo

129 1823 261 1911 quidem
274 1823 345 1909 ipso
358 1836 500 1902 curatus,
511 1838 545 1889 et
557 1838 630 1910 post
642 1838 780 1889 mortem
791 1825 862 1911 ejus
872 1825 906 1888 in
917 1825 1084 1912 publicum
1098 1825 1167 1891 edi·

129 1923 194 1988 tus‚
210 1909 343 1973 retinuit
356 1918 387 1972 et
400 1908 599 1975 Mamurius.
636 1911 710 1996 Ego
726 1931 800 1974 cum
816 1909 1008 1974 Constantio
1023 1911 1127 1975 omisi.

178 1993 265 2058 Ibid.
290 1993 313 2057 l.
334 2004 365 2067 7.
394 1994 614 2080 adjunxerant]
644 1997 683 2058 ln
711 1995 786 2057 MS.
816 1993 915 2058 Corb.
947 1995 1168 2080 urly'unxertmt.

131 2078 287 2169 Quamvis
315 2077 368 2142 hlc
396 2079 551 2164 plerique,
577 2079 633 2178 qui
658 2080 880 2143 confessorum
909 2080 1100 2144 auctoritate
1127 2080 1169 2146 ad

131 2163 273 2227 schisma
287 2161 479 2242 defecerant,
493 2185 569 2227 cum
585 2163 622 2228 ris
636 2164 676 2228 ad
692 2162 858 2227 ecclesiam
880 2163 996 2226 rediise
1011 2163 1170 2244 dicantur,

130 2248 214 2314 infra
227 2261 336 2311 tamen
350 2258 384 2309 et
398 2246 599 2312 redeuntium
615 2250 710 2312 verba
724 2260 758 2311 et
777 2245 889 2333 populi
910 2247 952 2311 de
970 2248 1098 2313 illorum
1120 2271 1171 2314 re·

131 2332 203 2397 ditu
219 2331 410 2430 gratulantis
425 2354 518 2396 voces
532 2333 572 2396 ad
589 2355 669 2396 unos
685 2333 883 2396 confessores
897 2334 1044 2398 attinent.
1073 2335 1124 2400 lta
1138 2347 1172 2399 et

132 2416 316 2565 Ογῗέεῃιιε
335 2416 416 2480 infra
437 2418 539 2502 Epist.
554 2431 583 2481 8.
607 2417 649 2481 de
669 2417 739 2480 solo
759 2417 978 2481 confessorum
998 2418 1102 2484 reditu
1120 2442 1171 2484 re-

131 2502 195 2565 scri
238 2523 275 2564 ns
299 2501 452 2586 loquitur.
498 2503 564 2564 ch
589 2514 744 2586 praeterea
769 2501 986 2580 observamus,
1011 2503 1170 2569 celebrem

131 2585 223 2650 adeo
240 2584 317 2648 cleri
344 2596 548 2664 conventum,
573 2586 626 2649 cui
649 2599 682 2649 et
708 2586 849 2672 quinque
874 2586 1083 2652 interfuerant
1102 2610 1121 2653 e
1143 2589 1171 2653 i·

133 2669 238 2756 scopi,
253 2668 294 2732 de
309 2670 474 2753 proposita
487 2691 584 2733 causa
600 2671 678 2734 nihil
694 2671 755 2734 nisi
769 2691 845 2733 cum
860 2670 972 2757 populi
986 2673 1100 2737 notitia
1113 2610 1172 2737 ds-

132 2774 268 2818 cernere
280 2753 426 2816 voluisse.
464 2755 539 2840 Qua
558 2776 598 2817 ex
620 2776 654 2817 re
673 2755 706 2818 id
727 2776 747 2818 a
766 2754 920 2819 Cornelio
939 2755 1059 2820 facturn
1080 2759 1172 2823 colli·

134 2851 288 2925 gereest,
302 2837 422 2922 quoda
438 2837 603 2924 Cypriane
617 2839 721 2925 Epist.
732 2846 763 2902 6.
779 2861 837 2902 seu
853 2852 899 2903 14.
914 2839 956 2903 ad
970 2842 1064 2926 presb
1088 2856 1174 2908 teros

132 2937 169 2987 et
188 2922 342 2987 diaconos
367 2944 444 2986 suos
467 2923 528 2986 sibi
549 2924 751 3009 propositum
773 2922 933 3019 legimus:
962 2925 1052 3010 Quart
1077 2951 1104 3005 o,
1125 2929 1174 2990 in-

136 3009 219 3094 quit,
235 3006 273 3070 od
289 3005 375 3070 initio
391 3006 581 3091 episcopatus
601 3008 662 3070 mei
683 3018 857 3085 statuerem,
872 3008 953 3071 nibil
972 3009 1037 3073 sine
1052 3011 1175 3077 consilio

134 3102 249 3169 vestro,
264 3102 295 3154 et
315 3092 380 3154 sine
400 3113 544 3155 consensu
560 3091 671 3176 plebis,
692 3095 762 3156 med
779 3092 929 3175 privatim
948 3095 1101 3160 sententia
1120 3119 1176 3183 gc·

136 3198 215 3241 rere.
240 3175 463 3240 Cousrnnr.
1225 3242 1230 3253 ,

170 3258 268 3333 ,Ibid.
289 3260 312 3323 l.
339 3275 386 3322 12.
397 3261 528 3323 ''Bectos
544 3262 619 3344 esse]
643 3263 688 3340 In
703 3262 804 3325 MSS.
826 3260 922 3328 Colb.
943 3274 976 3324 et
996 3260 1095 3329 Corb.
1117 3287 1175 3328 vo·

138 3364 224 3423 cem,
240 3342 341 3407 lentos
361 3365 424 3406 esse
440 3359 532 3428 puros
552 3346 648 3422 corde,
665 3345 748 3430 quod
757 3345 832 3429 jam
849 3348 917 3424 (seu
931 3346 1088 3430 quonium)
1105 3363 1174 3434 spe.

138 3428 406 3492 rentDominuns.
454 3431 491 3491 ln
508 3429 659 3515 Cypriani
677 3429 759 3492 libro
774 3429 819 3493 iii.
835 3429 876 3492 ad
896 3428 1068 3515 Quirinum
1082 3455 1112 3498 c.
1125 3447 1175 3514 79.

138 3513 291 3576 eumdem
306 3511 462 3575 Matthaei.
472 3513 581 3576 locum
602 3515 647 3577 sic
666 3514 774 3597 legere
787 3527 857 3578 est:
879 3514 973 3578 Beati
990 3517 1033 3599 (in
1052 3530 1178 3585 vetusto

139 3596 253 3661 codice
269 3596 365 3660 Colb.
383 3595 510 3678 Felices)
527 3597 636 3661 mundi
651 3597 748 3674 corde,
765 3598 910 3684 quoniam
931 3598 996 3683 ipsi
1008 3603 1110 3667 Deum
1131 3605 1181 3670 vi·

140 3679 265 3745 debrrm.
289 3681 514 3745 Cousrnrrr.
559 3683 692 3746 Veteres
712 3682 867 3746 editiones
888 3696 922 3746 et
943 3687 1084 3772 quinque
1105 3689 1179 3756 libri

142 3777 262 3828 veteres
286 3764 417 3842 habent,
445 3765 526 3850 quod
543 3767 617 3849 jorn
640 3778 762 3850 sperent
788 3768 969 3834 Dominam.
1013 3772 1179 3839 Remensis

144 3850 244 3912 sancti
255 3849 419 3935 Dionysii,
430 3850 574 3934 qnoniam
588 3851 598 3913 i
621 3851 647 3914 si
660 3862 782 3935 sperent
794 3851 827 3915 in
839 3854 954 3916 Dium.
969 3856 1179 3923 Baccarus

186 3932 270 3996 ibid.
286 3934 307 3997 l.
325 3945 373 4008 17.
397 3955 571 4002 concursus
586 3866 690 3999 dictus
704 3935 766 4019 est]
785 3937 839 4000 Ad
861 3938 1039 4018 ecclesiam,
1061 3941 1094 4005 in
1115 3965 1179 4029 qua

146 4018 261 4102 recepti
276 4019 474 4081 confessores
490 4031 575 4098 sunt,
590 4033 627 4084 ut
641 4031 750 4084 censet
762 4019 804 4084 cl.
819 4022 987 4087 Marshall.

185 4100 271 4165 Ibid.
287 4101 311 4166 l.
325 4117 375 4165 20.
398 4102 511 4184 hodie]
527 4103 628 4168 Corb.
645 4106 720 4169 MS.
736 4102 791 4168 boc
808 4105 868 4170 die.
902 4108 960 4171 Nil
982 4109 1179 4176 incommodi

152 4185 239 4251 estin
254 4186 412 4267 vocabulo
427 4187 534 4253 bodie.-
557 4190 632 4276 quia
648 4190 829 4273 Cornelius,
841 4205 877 4257 ut
890 4191 971 4258 infra
981 4195 1179 4276 testificatur,
